3534 5392
903 348 949 413 60

446 522 521 599 Per
546 555 647 620 quem
673 535 848 623 splendor.
873 536 996 603 honor.
1021 537 1106 604 laus.
1132 537 1311 625 sapientia.

446 648 620 717 maiestas.
645 650 782 719 bonitas
806 663 839 718 et
862 651 974 739 pietas
998 664 1056 719 tua

445 777 595 842 regnum
620 757 792 825 contineat
816 757 955 826 numine
979 759 1101 848 triplici

445 876 567 932 texens
591 864 769 952 perpetuis
794 865 911 932 secula
935 866 1072 934 seculis.

819 1082 1031 1089 ———

742 1274 932 1416 caput
968 1277 1109 1382 ΧΠ.

341 1525 597 1626 Sequuntur
624 1527 873 1626 Euangelia
907 1528 1098 1627 legenda
1135 1530 1312 1627 quando
1341 1529 1512 1610 habent

773 1653 1036 1732 korseboer.
1054 1654 1079 1749 1)

559 1832 607 1900 Et
628 1842 744 1899 sumat
766 1833 807 1899 de
830 1833 898 1899 illis
922 1857 985 1921 que
1008 1833 1075 1900 sr'br'
1089 1834 1288 1921 placuerint.

712 1940 905 2007 Secundum
930 1941 1099 2006 Marcum.
1115 1944 1138 2022 ²)

446 2083 498 2159 IN
523 2092 579 2160 illo
604 2105 772 2180 tempore.
799 2065 893 2160 venit
921 2092 1038 2160 ihesus
1067 2106 1162 2160 trans
1187 2092 1312 2159 fretum
1346 2094 1452 2162 maris
1477 2094 1511 2161 in

338 2209 520 2297 regionem
545 2231 809 2297 gerasenorum.
835 2223 869 2277 et
893 2222 1041 2277 exeunte
1065 2232 1107 2277 eo
1128 2210 1172 2277 de
1196 2209 1289 2277 naui:
1313 2210 1430 2278 statim
1456 2232 1511 2277 oc-

339 2316 447 2384 currit
472 2317 515 2384 de
546 2317 777 2385 monumentis
808 2318 913 2384 homo
946 2316 978 2385 in
1003 2316 1126 2405 spiritu
1156 2317 1345 2385 immundo
1371 2317 1429 2406 qui
1453 2319 1511 2384 do-

339 2424 498 2492 micilium
533 2425 683 2491 habebat
717 2425 749 2491 in
784 2423 1014 2492 monumentis
1048 2424 1090 2491 Et
1121 2447 1232 2512 neque
1262 2425 1416 2492 cathenis
1444 2425 1510 2492 iam

340 2531 521 2620 quisquam
555 2554 633 2599 eum
667 2543 804 2619 poterat
837 2530 957 2619 ligare.
993 2531 1072 2619 quia
1103 2554 1187 2620 sepe
1218 2531 1445 2620 compedibus
1476 2544 1511 2599 et

340 2638 493 2706 cathenis
519 2639 654 2706 vinctus
688 2637 894 2726 disrupisset
928 2639 1103 2706 cathenas.
1134 2653 1167 2706 et
1199 2639 1387 2727 compedes
1421 2661 1512 2706 com-

340 2747 529 2814 minuisset.
555 2759 587 2814 et
607 2768 709 2813 nemo
729 2757 867 2833 poterat
887 2768 966 2812 eum
987 2747 1141 2814 domare.
1177 2745 1221 2812 Et
1245 2768 1384 2834 semper
1409 2759 1511 2813 nocte

339 2876 379 2922 ac
414 2854 468 2921 die
502 2854 535 2921 in
569 2854 801 2921 monumentis
834 2865 868 2921 et
901 2853 933 2920 in
968 2853 1141 2921 montibus
1173 2866 1258 2921 erat.
1292 2854 1446 2921 clamans
1478 2867 1513 2921 et

339 2961 526 3029 concidens
562 2983 601 3029 se
635 2959 818 3050 lapidibus.
854 2961 977 3029 videns
1012 2974 1127 3029 autem
1166 2961 1299 3028 ihesum
1335 2984 1356 3028 a
1391 2961 1512 3048 longe:

340 3068 493 3136 cucurrit
517 3081 550 3136 et
575 3068 735 3136 adorauit
759 3092 847 3136 eum.
894 3068 938 3136 Et
963 3069 1115 3137 clamans
1140 3091 1229 3136 voce
1253 3088 1395 3154 magna:
1428 3067 1513 3134 dixit

340 3176 381 3244 ei.
428 3175 521 3261 Quid
555 3176 656 3246 michi
685 3188 719 3244 et
752 3176 812 3244 tibi
845 3176 943 3243 ihesu
973 3176 1020 3243 fili
1050 3176 1104 3243 dei
1136 3174 1271 3244 summi.
1319 3175 1454 3242 Adiuro
1479 3188 1513 3242 te

340 3307 402 3372 per
427 3284 545 3352 deum:
571 3307 613 3352 ne
637 3307 692 3352 me
716 3297 893 3371 torqueas.
942 3283 1088 3351 Dicebat
1112 3283 1201 3350 enim
1227 3282 1288 3350 illi:
1320 3281 1384 3349 Exi
1415 3281 1512 3370 spiri·

339 3404 395 3459 tus
419 3391 594 3459 immunde
618 3394 660 3459 ab
686 3391 834 3459 homine.
882 3390 925 3458 Et
949 3390 1181 3479 interrogauit
1212 3412 1290 3457 eum
1323 3390 1427 3475 Quod
1452 3387 1512 3455 tibi

340 3522 464 3567 nomen
499 3499 575 3567 est?
609 3498 651 3566 Et
687 3499 767 3566 dicit
800 3498 841 3565 ei.
889 3498 1001 3586 Legio
1033 3497 1134 3565 michi
1168 3519 1294 3564 nomen
1329 3509 1396 3564 est:
1433 3495 1512 3583 quia

341 3606 437 3674 multi
468 3628 600 3676 sumus.
647 3606 690 3673 Et
720 3607 974 3694 deprecabatur
1004 3627 1082 3672 eum
1118 3604 1275 3672 multum:
1310 3626 1353 3671 ne
1386 3625 1425 3670 se
1458 3624 1514 3669 ex·

340 3715 485 3804 pelleret
518 3726 618 3782 extra
652 3713 844 3799 regionem.
892 3712 977 3780 Erat
1010 3725 1124 3779 autem
1158 3711 1202 3779 ibi
1234 3711 1326 3778 circa
1361 3723 1513 3778 montem

339 3844 428 3909 grex
463 3843 652 3910 porcorum
688 3842 837 3908 magnus
861 3842 1020 3909 pascens.
1055 3831 1089 3886 et
1123 3820 1401 3908 deprecabantur
1434 3840 1512 3885 eum

452 4055 469 4120 ¹)
490 4052 663 4108 Korseboer
683 4068 740 4106 von
760 4049 839 4105 Kors
873 4077 880 4092 =
902 4049 1002 4104 Kreuz
1021 4050 1079 4104 und
1100 4049 1192 4104 baere
1211 4075 1236 4093 =
1256 4058 1367 4119 tragen,
1387 4049 1471 4114 (boer
1489 4073 1514 4091 τ-

341 4143 459 4212 Bahre),
478 4143 540 4197 also
560 4141 607 4196 die
626 4139 803 4196 Prozession
823 4141 875 4194 der
894 4139 1004 4194 Kreuz·
1023 4140 1097 4194 oder
1117 4138 1287 4194 Bittwoche.

449 4232 468 4299 ²)
488 4230 530 4285 lm
550 4231 667 4286 Rituale
686 4230 773 4284 Rom.
793 4247 822 4300 p.
842 4246 907 4300 325,
931 4228 1047 4284 Rituale
1067 4227 1225 4283 Monam-F
1227 4227 1330 4297 rising.
1351 4225 1450 4282 minus
1469 4225 1512 4281 cit.

339 4340 367 4393 p.
392 4338 453 4394 275,
478 4319 612 4376 Manuale
636 4320 692 4374 Rit.
716 4319 804 4375 Rom.
830 4319 1040 4374 Paderbomae
1064 4318 1098 4373 lll
1129 4336 1157 4389 p.
1176 4335 1212 4388 32
1231 4317 1269 4372 ist
1287 4317 1342 4371 der
1362 4315 1449 4370 Ritus
1469 4313 1514 4368 ein

340 4411 473 4466 anderer.
512 4409 594 4465 Felrlt
612 4409 639 4464 in
660 4409 785 4481 Agenda
805 4409 891 4465 Mind.
