3558 5402
942 503 984 547 22

859 657 1071 746 Complendo.

485 791 656 868 Proficiat
681 795 780 862 nobis
801 795 844 862 ad
865 793 1009 860 salutem
1031 790 1189 878 corporis
1209 801 1243 856 et
1263 789 1386 856 anime.
1412 786 1548 854 domine

379 919 464 982 deus
489 915 588 983 huius
613 911 819 981 sacramenti
845 909 1030 996 susceptio¹
1057 921 1089 974 et
1114 906 1325 994 sempiterna
1350 917 1468 971 sancte
1493 904 1549 971 tri·

379 1023 494 1090 nitatis
519 1023 673 1088 eiusdem
704 1018 877 1086 individue
907 1015 1046 1083 unitatis
1071 1013 1254 1081 confessio.
1302 1011 1370 1078 Per
1395 1011 1548 1094 eristum.
1605 1059 1607 1064 ι

856 1214 1069 1222 ——-—-

799 1409 988 1549 Caput
1025 1405 1128 1514 IV.

699 1625 955 1704 Benedictio
985 1622 1181 1703 thalami.
1198 1622 1223 1718 1)

486 1792 643 1868 Benedic
676 1797 814 1863 domine
847 1797 936 1862 hunc
966 1794 1153 1861 thalamum
1185 1805 1218 1859 et
1248 1813 1369 1858 omnes
1399 1791 1550 1858 habitan·

379 1932 432 1985 tes
456 1917 489 1985 in
514 1939 567 1983 eo,
592 1927 629 1981 vt
664 1913 696 1980 in
731 1926 788 1979 tua
821 1933 905 1999 pace
937 1909 1135 1977 consistant.
1161 1921 1194 1976 et
1219 1909 1251 1976 in
1284 1921 1342 1976 tua
1371 1909 1551 1976 voluntate

379 2035 610 2112 permaneant.
637 2035 670 2087 et
696 2021 727 2087 in
753 2032 811 2086 tua
834 2042 954 2085 amore
974 2018 1092 2085 viuant
1112 2029 1270 2083 crescant
1295 2027 1328 2083 et
1353 2030 1548 2084 senescant.

379 2145 413 2198 et
439 2128 704 2218 multiplicentur
729 2127 760 2192 in
786 2125 999 2212 longitudine
1024 2125 1167 2191 dierum.
1215 2123 1283 2190 Per
1309 2122 1463 2190 eristum.

918 2286 1009 2352 Item.

487 2415 629 2493 Adesto
655 2421 793 2489 domine
817 2419 1124 2507 supplicationibus
1154 2418 1282 2485 nostris
1312 2429 1345 2484 et
1374 2419 1462 2485 hanc
1493 2418 1550 2485 do·

381 2564 473 2607 mum
514 2539 646 2606 serenis
680 2537 789 2605 oculis
823 2548 880 2603 tue
914 2536 1050 2624 pietatis
1073 2536 1228 2603 'illustra
1285 2535 1328 2602 Et
1362 2536 1549 2603 descendat

380 2671 485 2736 super
509 2647 702 2713 habitantes
727 2645 759 2711 in
784 2668 825 2711 ea
849 2644 962 2731 gratie
987 2656 1044 2710 tue
1069 2644 1173 2730 longa
1198 2643 1399 2710 benedictio.
1446 2643 1493 2710 Ut
1518 2644 1550 2710 in

380 2755 445 2842 hijs
471 2753 674 2820 manufactis
699 2751 912 2819 habitaculis,
937 2773 1015 2818 cum
1036 2750 1238 2818 salubritate
1258 2750 1323 2838 ipsi
1343 2763 1437 2817 tuum
1464 2773 1551 2817 sem-

380 2885 442 2949 per
467 2861 534 2927 sint
559 2859 789 2926 habitaculum
815 2881 878 2946 per
902 2857 1056 2926 eristum.

327 2955 330 2960 Δ
488 2968 577 3035 Item.
625 2966 774 3033 Domine
799 2979 919 3033 sancte
943 2979 1042 3054 pater
1067 2965 1294 3058 omnipotens
1310 2977 1429 3032 eterne
1453 2965 1551 3034 deus

381 3089 413 3142 te
439 3077 585 3164 supplex
610 3097 810 3142 exoramus:
843 3087 879 3141 vt
909 3073 1185 3141 coniunctionem
1216 3072 1367 3140 fidelium
1399 3085 1550 3140 tuorum.

381 3197 438 3250 tua
463 3182 702 3249 benedictione
728 3181 849 3249 fovere
874 3181 1039 3267 digneris,
1065 3203 1254 3268 omnesque
1278 3182 1321 3248 ab
1347 3181 1396 3248 eis
1421 3181 1550 3248 inimici

381 3289 502 3358 insidie
526 3301 726 3356 avertantur
752 3289 797 3356 Vt
821 3302 879 3356 tua
904 3288 1122 3377 providentia
1153 3288 1316 3376 conjungi
1343 3301 1551 3356 mereantur.

380 3396 448 3463 Per
473 3397 614 3464 cristum
640 3398 732 3463 dom.
757 3396 848 3463 dom.
864 3401 885 3476 ²³)

489 3629 507 3696 ¹)
528 3628 591 3682 Das
616 3627 673 3681 Rit.
700 3627 787 3681 Rom.
815 3625 853 3680 cit
878 3643 905 3696 p.
932 3641 985 3696 259
1010 3625 1059 3680 hat
1084 3625 1111 3679 in
1138 3626 1331 3680 veranderter
1358 3625 1471 3681 Gestalt
1498 3645 1553 3681 nur

382 3719 436 3773 das
456 3726 535 3772 erste
555 3717 658 3772 Gebet.
783 3703 786 3708 ’

489 3807 508 3876 ²)
530 3793 612 3861 Uber
631 3807 677 3860 die
697 3805 827 3876 Stellung
845 3807 897 3860 des
917 3804 1075 3859 danischen
1094 3804 1212 3859 Staates
1232 3823 1282 3860 zur
1302 3806 1552 3876 Eheschliessung

381 3898 438 3967 vgl.
467 3896 503 3951 H.
533 3895 673 3952 Matzen
701 3904 735 3950 et
763 3896 787 3966 J.
814 3895 941 3964 Timm,
969 3894 1136 3964 Haandbog
1160 3893 1168 3947 i
1189 3896 1246 3949 den
1266 3896 1377 3949 danske
1403 3895 1551 3952 Kirkeret.

380 3986 573 4056 Kjdbenhavn
592 3987 659 4054 1891
675 4003 702 4056 p.
717 3986 759 4040 88.
790 3984 911 4039 Danach
927 3984 1020 4038 kann
1040 3983 1106 4038 eine
1123 3985 1305 4055 burgerliche
1320 3984 1382 4038 Ehe
1398 3985 1552 4053 (Civilehe)

381 4076 575 4145 geschlossen
596 4076 727 4144 werden,
747 4092 836 4129 wenn
855 4073 902 4128 die
922 4074 1028 4128 beiden
1047 4073 1215 4128 Brautleute
1234 4075 1314 4128 einer
1333 4074 1360 4128 in
1381 4074 1552 4129 Danemark

380 4166 458 4220 nicht
476 4165 676 4219 anerkannten
690 4162 1032 4235 Religionsg'esellschast
1048 4164 1226 4233 angehoren,
1241 4165 1268 4218 d.
1283 4164 1309 4220 h.
1326 4164 1407 4218 einer
1422 4164 1553 4229 solchen,

381 4256 493 4310 welche
508 4254 593 4308 keine
608 4255 649 4309 im
664 4255 747 4308 Land
763 4254 945 4309 anerkannte
960 4255 1018 4308 und
1034 4271 1085 4308 zur
1100 4253 1332 4324 Abschliessung
1347 4255 1399 4308 der
1414 4255 1554 4325 Trauung

381 4345 563 4416 berechtigte
583 4344 744 4399 Geistliche
768 4344 832 4413 hat,
857 4345 928 4398 oder
952 4343 1016 4399 salls
1039 4344 1085 4399 die
1109 4344 1215 4399 beiden
1235 4344 1448 4414 Nupturienten
1472 4361 1553 4398 zwar

381 4453 417 4488 zu
440 4435 497 4488 den
522 4435 724 4488 anerkannten
749 4435 821 4488 aber
845 4433 1076 4489 verschiedenen
1099 4434 1480 4506 Religionsgesellschaften
1504 4451 1553 4503 ge·

382 4523 481 4579 boren.
520 4523 582 4577 Der
606 4523 854 4578 Standesbeamte
879 4524 916 4578 ist
943 4524 972 4578 in
997 4527 1053 4579 den
1077 4525 1202 4580 Stadten
1229 4526 1283 4578 der
1306 4523 1554 4594 Bltrgermeister,
