3570 5402
908 507 953 575 24

853 665 1010 736 Oremus.

451 794 606 875 Domine
640 814 759 870 sancte
793 813 891 889 pater
925 801 1145 891 omnipotens
1187 816 1306 871 eterne
1339 803 1426 871 deus
1459 801 1517 892 qui

345 921 569 1008 fragilitatem
594 931 714 986 nostre
746 917 970 987 condicionis.
995 918 1107 986 inlusa
1141 918 1278 987 virtutis
1309 932 1368 987 tue
1401 921 1519 1007 digna-

346 1029 438 1097 tione
463 1027 659 1096 confirmas
686 1039 722 1093 vt
755 1025 965 1094 salutaribus
999 1026 1161 1094 remediis
1190 1027 1327 1114 pietatis
1351 1039 1419 1095 tue.
1445 1050 1518 1095 cor-

345 1159 434 1226 pora
457 1148 578 1203 nostra
602 1145 636 1201 et
666 1135 822 1202 membra
850 1145 1068 1220 vegetentur.
1103 1135 1328 1222 superhunc
1352 1134 1516 1202 famulum

345 1258 441 1312 tuum
466 1242 508 1311 N.
529 1241 743 1332 propiciatus
768 1240 915 1309 intende.
941 1255 979 1308 vt
1008 1241 1099 1308 omni
1120 1241 1326 1310 necessitate
1346 1264 1518 1330 corporee

346 1349 552 1420 infirmitatis
586 1349 736 1417 exclusa.
776 1349 891 1436 gratia
931 1348 963 1416 in
995 1371 1038 1416 eo
1066 1348 1210 1437 pristine
1248 1349 1404 1418 sanitatis
1443 1373 1517 1438 per·

346 1459 436 1527 fecte
460 1469 651 1546 reparetur.
699 1455 767 1523 Per
793 1453 982 1524 Christum.

347 1638 473 1706 Postea
498 1637 619 1703 audeat
636 1635 879 1722 consessionem
902 1658 1002 1702 suam
1021 1636 1183 1703 sacerdos
1205 1647 1237 1702 et
1255 1635 1411 1704 absoluat
1433 1657 1517 1704 encre.

453 1762 672 1840 Misereatur
701 1769 749 1836 tui
779 1768 997 1858 omnipotens
1031 1770 1117 1837 deus
1150 1782 1213 1837 etc.
1260 1770 1518 1859 indulgenciam

346 1890 377 1957 81
408 1887 661 1956 absolutionem
686 1898 748 1954 etc.
795 1886 852 1953 nt>
883 1884 959 1953 istis
988 1885 1141 1974 peccatis
1171 1885 1248 1953 tuis.
1276 1886 1517 1974 negligendis,

345 1993 698 2082 transgressionibus.
725 1992 982 2062 omissionibus.
1008 2007 1042 2060 et
1071 2017 1091 2061 a
1119 1992 1257 2061 vinculo
1287 1991 1518 2062 excommuni-

347 2101 500 2170 cationis.
526 2101 554 2168 si
579 2123 665 2189 quas
689 2100 874 2168 incurristi.
899 2100 1057 2168 absoluat
1076 2112 1110 2167 te
1134 2100 1251 2168 ihesus
1276 2100 1402 2169 cristus
1426 2101 1517 2169 filius

349 2210 405 2278 dei
433 2209 513 2278 viui.
543 2220 577 2276 et
609 2229 678 2294 ego
710 2221 743 2275 te
774 2207 920 2275 absoluo
945 2230 965 2275 a
989 2207 1126 2275 vinculo
1151 2208 1518 2277 excommunicationis

349 2317 556 2386 auctoritate
587 2339 653 2405 qua
687 2315 825 2401 lungor.
874 2315 910 2382 ln
938 2314 1076 2382 nomine
1106 2315 1215 2404 patris
1247 2330 1281 2383 et
1312 2315 1370 2382 filii
1395 2329 1429 2383 et
1453 2316 1518 2405 spi-

347 2426 435 2492 ritus
459 2424 579 2492 sancti.
604 2446 715 2492 amen.
731 2427 752 2504 ¹)

795 2582 868 2650 Pro
890 2583 1069 2651 homicida.

452 2711 604 2788 Praesta
636 2739 846 2806 quaesumus
878 2717 1015 2784 domine
1035 2717 1113 2784 huic
1134 2717 1262 2784 lamulo
1286 2729 1347 2784 tuo
1372 2717 1515 2806 dignum

347 2836 533 2924 penitentie
557 2834 716 2902 fructum.
743 2844 779 2900 vt
804 2833 949 2900 ecclesie
975 2846 1033 2901 tue
1057 2847 1186 2901 sancte.
1211 2857 1231 2900 a
1257 2833 1354 2901 cuius
1378 2834 1517 2922 integri-

346 2956 416 3011 tate
437 2941 638 3011 deuiauerat
657 2941 835 3031 peccando
855 2941 1087 3009 admissorum
1106 2940 1242 3008 veniam
1262 2943 1516 3030 consequendo.

345 3051 512 3118 reddatur
537 3049 698 3118 innoxius
722 3072 784 3138 per
809 3048 986 3117 christum.

452 3193 578 3262 Postea
612 3196 800 3284 enterrogat
832 3215 906 3261 eune
944 3194 985 3260 de
1022 3193 1091 3272 fide
1126 3193 1287 3260 catholica
1321 3191 1446 3261 Credis
1485 3193 1516 3262 in

346 3303 447 3369 deum
473 3314 608 3389 patrem
633 3301 915 3390 omnipotentem.

625 3479 752 3548 Postea
776 3482 993 3547 communicet
1014 3503 1090 3546 eum
1114 3480 1237 3546 de‘cens.

453 3606 597 3704 Corpus
621 3612 750 3682 domini
775 3614 885 3682 nostri
911 3613 1007 3699 jhesu
1033 3611 1162 3682 Christi
1192 3613 1364 3682 custodiat
1389 3636 1518 3704 corpus

345 3747 379 3800 et
404 3733 552 3801 animam
577 3744 670 3798 tuam
695 3731 727 3798 in
754 3730 859 3799 vitam
883 3744 1060 3800 aeternam
1086 3731 1210 3801 Amen.

853 3890 1010 3960 Oremus.

453 4018 603 4087 Domine
637 4029 756 4085 sancte
790 4030 889 4107 pater
922 4017 1144 4105 omnipotens
1176 4030 1295 4086 eterne
1328 4017 1425 4085 deus.
1460 4016 1517 4105 qui

346 4125 597 4194 benedictionis
631 4138 690 4193 tue
727 4124 877 4211 gratiam
916 4125 1014 4212 egris
1053 4124 1263 4193 infundendo
1300 4123 1517 4212 corporibus.

347 4233 513 4301 facturam
547 4245 641 4301 tuam
676 4233 854 4322 multiplici
888 4233 1017 4322 pietate
1044 4235 1234 4321 gubernas
1259 4233 1301 4300 ad
1332 4231 1517 4300 inuocatio-

454 4465 473 4532 ³)
495 4465 583 4520 Diese
607 4462 903 4518 Absolutionsformel
928 4461 966 4517 ist
991 4462 1168 4531 vollstandig
1195 4461 1302 4516 anders
1326 4459 1372 4514 als
1395 4460 1441 4514 die
1464 4461 1518 4516 des

347 4553 403 4608 trit.
424 4554 509 4608 Rom.
530 4572 558 4625 p.
578 4571 621 4624 57.
641 4571 683 4624 sq.
724 4553 830 4624 Eigens
850 4553 886 4607 ist
905 4553 960 4606 das
980 4552 1073 4607 Gebet
1093 4569 1147 4623 pro
1167 4551 1320 4605 hunurida.
