3570 5402
810 499 851 562 27

243 656 442 724 visitatione
474 654 651 722 salutifera
685 653 828 721 visitare
860 654 1025 742 digneris
1074 654 1116 722 Et
1151 655 1239 722 sicut
1274 656 1418 723 visitasti

243 763 396 831 thobiam
421 776 455 830 et
480 785 606 830 saram.
631 774 665 829 et
684 785 825 829 socrum
847 763 946 849 petri.
969 783 1184 850 puerumque
1199 764 1417 831 centurionis.

243 873 290 940 ita
324 885 358 938 et
392 871 457 938 iste
491 869 635 958 pristina
668 868 816 936 sanitate
849 868 971 936 anime.
1004 869 1233 958 corporisque
1267 885 1417 959 recepta.

244 979 437 1066 gratiarum
462 977 522 1045 tibi
547 976 578 1044 in
604 975 750 1044 ecclesia
775 975 903 1044 referat
928 977 1109 1045 actionem.
1145 977 1212 1045 Per
1238 977 1418 1046 Christum

245 1087 430 1154 dominum.

349 1193 422 1271 An.
447 1202 500 1269 Ne
525 1200 793 1268 remininiscaris
818 1201 957 1268 domine
983 1201 1107 1269 delicta
1137 1215 1257 1269 nostra
1283 1202 1337 1268 vel
1362 1226 1417 1291 pa·

244 1330 377 1385 rentum
413 1330 624 1385 nostrorum.
659 1340 770 1405 neque
809 1317 996 1397 vindictam
1036 1340 1153 1384 sumas
1189 1319 1231 1384 de
1264 1319 1417 1407 peccatis

243 1437 382 1493 nostris.

347 1535 417 1612 uS'
447 1541 676 1624 (versiculus).
724 1542 834 1610 Parce
859 1540 997 1608 domine
1021 1564 1127 1629 parce
1150 1565 1254 1608 seruo
1280 1554 1349 1609 tu0.
1375 1565 1418 1609 ne

240 1659 272 1726 in
298 1672 456 1727 eternum
481 1658 644 1727 irascaris
669 1659 710 1726 ei.

669 1838 832 1925 Sequitur
854 1840 990 1905 letania.

350 1981 605 2079 Kyrieleyson.
653 1980 909 2078 Cristeleyson.
956 1982 1211 2078 Kyrieleyson.

351 2107 470 2186 Criste
494 2116 573 2184 audi
598 2140 672 2184 nos.

349 2233 520 2314 Saluator
546 2242 672 2310 mundi.
698 2242 824 2310 adiuua
849 2266 923 2311 nos

347 2359 485 2440 Sancta
512 2369 630 2437 maria.
1196 2394 1258 2437 ora
1283 2394 1347 2459 pro
1372 2393 1414 2438 eo

347 2484 485 2564 Sancta
510 2493 564 2561 dei
588 2493 739 2582 genitrix
1196 2519 1258 2563 ora
1282 2519 1347 2583 pro
1372 2519 1414 2563 eo

348 2609 486 2690 Sancta
511 2619 615 2707 virgo
640 2620 815 2707 virginum
1194 2644 1256 2688 ora
1280 2645 1345 2710 pro
1371 2645 1413 2690 eo

348 2735 485 2815 Sancte
510 2745 655 2813 michael
1193 2772 1256 2816 ora
1281 2772 1346 2837 pro
1371 2772 1413 2816 eo

348 2861 484 2942 Sancte
509 2871 645 2958 gabriel
1196 2897 1258 2942 ora
1282 2897 1347 2962 pro
1372 2899 1414 2942 eo

347 2986 484 3067 Sancte
509 2998 652 3085 raphael
1194 3023 1256 3066 ora
1282 3023 1346 3088 pro
1371 3026 1413 3068 eo

348 3113 486 3192 Omnes
511 3122 620 3190 saneti
645 3124 761 3210 angeli
786 3137 819 3191 et
844 3123 1046 3211 archangeli
1156 3137 1254 3192 orate
1280 3149 1344 3214 pro
1370 3150 1412 3193 eo

347 3237 484 3318 Sancte
508 3247 676 3316 iohannes
700 3249 850 3338 baptista
1184 3273 1259 3339 orp.

347 3364 485 3443 Omnes
510 3373 620 3441 sancti
645 3374 841 3463 patriarche
865 3389 899 3444 et
923 3379 1095 3466 prophete
1151 3390 1249 3445 orate
1274 3402 1306 3466 p.

345 3489 483 3569 Sancte
508 3513 607 3588 petre
1193 3531 1256 3575 ora
1280 3530 1345 3595 pro
1370 3533 1412 3575 eo

345 3614 483 3694 Sancte
506 3626 608 3714 paule
1190 3657 1253 3700 ora
1277 3657 1342 3720 pro
1368 3658 1410 3700 eo

345 3739 482 3820 Sancte
507 3752 637 3819 andrea
1192 3782 1255 3826 ora
1278 3781 1343 3846 pro
1369 3782 1411 3826 eo

346 3866 482 3947 Sancte
506 3876 627 3946 iacobe
1098 3905 1100 3908 ·
1193 3908 1255 3952 ora
1279 3907 1345 3972 pro
1370 3907 1412 3952 eo

346 3992 483 4072 Sancte
508 4003 674 4073 iohannes
1193 4034 1256 4079 ora
1280 4034 1345 4099 pro
1371 4035 1413 4078 eo

345 4118 482 4199 Sancte
507 4129 659 4221 philippe
817 4202 824 4215 ‚
1190 4160 1254 4205 ora
1278 4161 1344 4226 pro
1368 4161 1411 4205 eo

344 4243 482 4323 Sancte
506 4257 747 4326 bartholomee
1190 4287 1254 4330 ora
1277 4287 1342 4352 pro
1368 4288 1410 4331 eo

344 4369 482 4449 Sancte
506 4382 642 4449 mathee
1189 4411 1252 4456 ora
1277 4413 1342 4479 pro
1368 4413 1410 4457 eo

344 4495 482 4576 Sancte
505 4530 631 4597 symon
1190 4536 1252 4582 ora
1277 4539 1342 4607 pro
1367 4539 1410 4586 eo
