<?xml version="1.0" encoding="UTF-8"?>
<!DOCTYPE html PUBLIC "-//W3C//DTD XHTML 1.0 Transitional//EN"
    "http://www.w3.org/TR/xhtml1/DTD/xhtml1-transitional.dtd">
<html xmlns="http://www.w3.org/1999/xhtml" xml:lang="en" lang="en">
 <head>
  <title>
</title>
<meta http-equiv="Content-Type" content="text/html;charset=utf-8" />
  <meta name='ocr-system' content='tesseract 3.04.00' />
  <meta name='ocr-capabilities' content='ocr_page ocr_carea ocr_par ocr_line ocrx_word'/>
</head>
<body>
  <div class='ocr_page' id='page_1' title='image "./manualecuratoru00freigoog_0055.png"; bbox 0 0 3570 5402; ppageno 0'>
   <div class='ocr_carea' id='block_1_1' title="bbox 936 484 976 550">
    <p class='ocr_par' dir='ltr' id='par_1_1' title="bbox 936 484 976 550">
     <span class='ocr_line' id='line_1_1' title="bbox 936 484 976 550; baseline 0 0"><span class='ocrx_word' id='word_1_1' title='bbox 936 484 976 550; x_wconf 93' lang='lat' dir='ltr'>I4</span> 
     </span>
    </p>
   </div>
   <div class='ocr_carea' id='block_1_2' title="bbox 366 635 1542 940">
    <p class='ocr_par' dir='ltr' id='par_1_2' title="bbox 366 635 1542 940">
     <span class='ocr_line' id='line_1_2' title="bbox 367 635 1542 730; baseline 0.007 -28"><span class='ocrx_word' id='word_1_2' title='bbox 367 635 581 704; x_wconf 87' lang='lat' dir='ltr'>catholicam.</span> <span class='ocrx_word' id='word_1_3' title='bbox 603 650 804 706; x_wconf 90' lang='lat' dir='ltr'>sanctorum</span> <span class='ocrx_word' id='word_1_4' title='bbox 818 639 1107 709; x_wconf 88' lang='lat' dir='ltr'>communionem.</span> <span class='ocrx_word' id='word_1_5' title='bbox 1128 641 1369 709; x_wconf 87' lang='lat' dir='ltr'>remissionem</span> <span class='ocrx_word' id='word_1_6' title='bbox 1387 655 1542 730; x_wconf 88' lang='lat' dir='ltr'>peccato·</span> 
     </span>
     <span class='ocr_line' id='line_1_3' title="bbox 366 743 1540 837; baseline 0.006 -28"><span class='ocrx_word' id='word_1_7' title='bbox 366 765 452 809; x_wconf 87' lang='lat' dir='ltr'>rum.</span> <span class='ocrx_word' id='word_1_8' title='bbox 476 743 590 812; x_wconf 92' lang='lat' dir='ltr'>carnis</span> <span class='ocrx_word' id='word_1_9' title='bbox 609 745 903 813; x_wconf 86' lang='lat' dir='ltr'>resurrectionem</span> <span class='ocrx_word' id='word_1_10' title='bbox 923 758 958 813; x_wconf 89' lang='lat' dir='ltr'>et</span> <span class='ocrx_word' id='word_1_11' title='bbox 977 747 1084 814; x_wconf 88' lang='lat' dir='ltr'>vitam</span> <span class='ocrx_word' id='word_1_12' title='bbox 1105 761 1259 816; x_wconf 89' lang='lat' dir='ltr'>eternam</span> <span class='ocrx_word' id='word_1_13' title='bbox 1281 761 1361 837; x_wconf 92' lang='lat' dir='ltr'>post</span> <span class='ocrx_word' id='word_1_14' title='bbox 1381 761 1540 818; x_wconf 90' lang='lat' dir='ltr'>mortem.</span> 
     </span>
     <span class='ocr_line' id='line_1_4' title="bbox 474 850 899 940; baseline 0.009 -23"><span class='ocrx_word' id='word_1_15' title='bbox 474 850 721 940; x_wconf 82' lang='lat' dir='ltr'>Respondeant.</span> <span class='ocrx_word' id='word_1_16' title='bbox 770 851 899 921; x_wconf 82' lang='lat' dir='ltr'>Credo,</span> 
     </span>
    </p>
   </div>
   <div class='ocr_carea' id='block_1_3' title="bbox 367 1001 1542 1200">
    <p class='ocr_par' dir='ltr' id='par_1_3' title="bbox 367 1001 1542 1200">
     <span class='ocr_line' id='line_1_5' title="bbox 474 1001 1542 1095; baseline 0.004 -25"><span class='ocrx_word' id='word_1_17' title='bbox 474 1001 541 1070; x_wconf 76' lang='lat' dir='ltr'>Hic</span> <span class='ocrx_word' id='word_1_18' title='bbox 569 1005 673 1071; x_wconf 78' lang='lat' dir='ltr'>le&#39;aeat</span> <span class='ocrx_word' id='word_1_19' title='bbox 699 1006 770 1074; x_wconf 89' lang='lat' dir='ltr'>olea</span> <span class='ocrx_word' id='word_1_20' title='bbox 795 1015 911 1094; x_wconf 84' lang='lat' dir='ltr'>pectus</span> <span class='ocrx_word' id='word_1_21' title='bbox 952 1009 996 1073; x_wconf 90' lang='lat' dir='ltr'>Et</span> <span class='ocrx_word' id='word_1_22' title='bbox 1028 1030 1097 1095; x_wconf 85' lang='lat' dir='ltr'>ego</span> <span class='ocrx_word' id='word_1_23' title='bbox 1129 1019 1164 1075; x_wconf 91' lang='lat' dir='ltr'>te</span> <span class='ocrx_word' id='word_1_24' title='bbox 1195 1007 1284 1077; x_wconf 90' lang='lat' dir='ltr'>lineo</span> <span class='ocrx_word' id='word_1_25' title='bbox 1318 1009 1396 1076; x_wconf 92' lang='lat' dir='ltr'>oleo</span> <span class='ocrx_word' id='word_1_26' title='bbox 1421 1008 1542 1076; x_wconf 88' lang='lat' dir='ltr'>salutis</span> 
     </span>
     <span class='ocr_line' id='line_1_6' title="bbox 367 1111 1402 1200; baseline 0.008 -25"><span class='ocrx_word' id='word_1_27' title='bbox 367 1116 399 1175; x_wconf 84' lang='lat' dir='ltr'>et</span> <span class='ocrx_word' id='word_1_28' title='bbox 419 1111 467 1176; x_wconf 83' lang='lat' dir='ltr'>sic</span> <span class='ocrx_word' id='word_1_29' title='bbox 491 1113 579 1177; x_wconf 80' lang='lat' dir='ltr'>e&#39;ater</span> <span class='ocrx_word' id='word_1_30' title='bbox 600 1112 760 1200; x_wconf 84' lang='lat' dir='ltr'>scapulas</span> <span class='ocrx_word' id='word_1_31' title='bbox 790 1112 826 1179; x_wconf 89' lang='lat' dir='ltr'>In</span> <span class='ocrx_word' id='word_1_32' title='bbox 852 1113 959 1181; x_wconf 89' lang='lat' dir='ltr'>cristo</span> <span class='ocrx_word' id='word_1_33' title='bbox 984 1113 1083 1182; x_wconf 88' lang='lat' dir='ltr'>ihesu</span> <span class='ocrx_word' id='word_1_34' title='bbox 1108 1114 1249 1182; x_wconf 93' lang='lat' dir='ltr'>domino</span> <span class='ocrx_word' id='word_1_35' title='bbox 1269 1128 1402 1183; x_wconf 91' lang='lat' dir='ltr'>nostro.</span> 
     </span>
    </p>
   </div>
   <div class='ocr_carea' id='block_1_4' title="bbox 685 1274 1222 1363">
    <p class='ocr_par' dir='ltr' id='par_1_4' title="bbox 685 1274 1222 1363">
     <span class='ocr_line' id='line_1_7' title="bbox 685 1274 1222 1363; baseline 0.004 -23"><span class='ocrx_word' id='word_1_36' title='bbox 685 1274 904 1341; x_wconf 78' lang='lat' dir='ltr'>Nomaaaada</span> <span class='ocrx_word' id='word_1_37' title='bbox 928 1277 1049 1343; x_wconf 81' lang='lat' dir='ltr'>iterum</span> <span class='ocrx_word' id='word_1_38' title='bbox 1069 1285 1222 1363; x_wconf 84' lang='lat' dir='ltr'>pueram.</span> 
     </span>
    </p>
   </div>
   <div class='ocr_carea' id='block_1_5' title="bbox 473 1395 1227 1602">
    <p class='ocr_par' dir='ltr' id='par_1_5' title="bbox 473 1395 1227 1602">
     <span class='ocr_line' id='line_1_8' title="bbox 474 1395 1227 1488; baseline 0.005 -25"><span class='ocrx_word' id='word_1_39' title='bbox 474 1395 567 1480; x_wconf 82' lang='lat' dir='ltr'>Quid</span> <span class='ocrx_word' id='word_1_40' title='bbox 591 1398 692 1486; x_wconf 88' lang='lat' dir='ltr'>petis.</span> <span class='ocrx_word' id='word_1_41' title='bbox 745 1397 951 1488; x_wconf 84' lang='lat' dir='ltr'>Compatres.</span> <span class='ocrx_word' id='word_1_42' title='bbox 999 1399 1227 1488; x_wconf 87' lang='lat' dir='ltr'>Baptismum.</span> 
     </span>
     <span class='ocr_line' id='line_1_9' title="bbox 473 1501 1190 1602; baseline 0.007 -32"><span class='ocrx_word' id='word_1_43' title='bbox 473 1501 652 1571; x_wconf 82' lang='lat' dir='ltr'>Sacerdos.</span> <span class='ocrx_word' id='word_1_44' title='bbox 701 1505 763 1573; x_wconf 88' lang='lat' dir='ltr'>Vis</span> <span class='ocrx_word' id='word_1_45' title='bbox 787 1506 967 1595; x_wconf 89' lang='lat' dir='ltr'>baptizari.</span> <span class='ocrx_word' id='word_1_46' title='bbox 1015 1507 1117 1574; x_wconf 88' lang='lat' dir='ltr'>Volo.</span> <span class='ocrx_word' id='word_1_47' title='bbox 1189 1597 1190 1602; x_wconf 8' lang='grc' dir='ltr'>ἵ</span> 
     </span>
    </p>
   </div>
   <div class='ocr_carea' id='block_1_6' title="bbox 709 1665 1210 1758">
    <p class='ocr_par' dir='ltr' id='par_1_6' title="bbox 709 1665 1210 1758">
     <span class='ocr_line' id='line_1_10' title="bbox 709 1665 1210 1758; baseline 0.004 -26"><span class='ocrx_word' id='word_1_48' title='bbox 709 1665 796 1733; x_wconf 84' lang='lat' dir='ltr'>Taac</span> <span class='ocrx_word' id='word_1_49' title='bbox 820 1675 956 1758; x_wconf 82' lang='lat' dir='ltr'>mergat</span> <span class='ocrx_word' id='word_1_50' title='bbox 966 1670 988 1748; x_wconf 79' lang='lat'>1)</span> <span class='ocrx_word' id='word_1_51' title='bbox 1013 1675 1065 1734; x_wconf 84' lang='lat' dir='ltr'>ter</span> <span class='ocrx_word' id='word_1_52' title='bbox 1087 1669 1210 1735; x_wconf 74' lang='lat' dir='ltr'>dicens.</span> 
     </span>
    </p>
   </div>
   <div class='ocr_carea' id='block_1_7' title="bbox 365 1787 1542 1999">
    <p class='ocr_par' dir='ltr' id='par_1_7' title="bbox 365 1787 1542 1999">
     <span class='ocr_line' id='line_1_11' title="bbox 473 1787 1542 1891; baseline 0.003 -25"><span class='ocrx_word' id='word_1_53' title='bbox 473 1787 524 1866; x_wconf 85' lang='lat' dir='ltr'>Et</span> <span class='ocrx_word' id='word_1_54' title='bbox 549 1819 618 1885; x_wconf 87' lang='lat' dir='ltr'>ego</span> <span class='ocrx_word' id='word_1_55' title='bbox 642 1810 676 1866; x_wconf 94' lang='lat' dir='ltr'>te</span> <span class='ocrx_word' id='word_1_56' title='bbox 701 1799 840 1888; x_wconf 87' lang='lat' dir='ltr'>baptizo</span> <span class='ocrx_word' id='word_1_57' title='bbox 869 1800 905 1867; x_wconf 89' lang='lat' dir='ltr'>In</span> <span class='ocrx_word' id='word_1_58' title='bbox 931 1800 1070 1868; x_wconf 91' lang='lat' dir='ltr'>nomine</span> <span class='ocrx_word' id='word_1_59' title='bbox 1094 1801 1203 1890; x_wconf 89' lang='lat' dir='ltr'>patris</span> <span class='ocrx_word' id='word_1_60' title='bbox 1228 1801 1271 1868; x_wconf 87' lang='lat' dir='ltr'>Et</span> <span class='ocrx_word' id='word_1_61' title='bbox 1295 1801 1353 1890; x_wconf 90' lang='lat' dir='ltr'>filij</span> <span class='ocrx_word' id='word_1_62' title='bbox 1378 1801 1421 1868; x_wconf 84' lang='lat' dir='ltr'>Et</span> <span class='ocrx_word' id='word_1_63' title='bbox 1446 1802 1542 1891; x_wconf 90' lang='lat' dir='ltr'>spiri·</span> 
     </span>
     <span class='ocr_line' id='line_1_12' title="bbox 365 1913 736 1999; baseline 0.013 -20"><span class='ocrx_word' id='word_1_64' title='bbox 365 1923 422 1980; x_wconf 91' lang='lat' dir='ltr'>tus</span> <span class='ocrx_word' id='word_1_65' title='bbox 446 1913 555 1981; x_wconf 86' lang='lat' dir='ltr'>sancti</span> <span class='ocrx_word' id='word_1_66' title='bbox 574 1914 700 1984; x_wconf 91' lang='lat' dir='ltr'>Amen.</span> <span class='ocrx_word' id='word_1_67' title='bbox 714 1920 736 1999; x_wconf 78' lang='lat'>²)</span> 
     </span>
    </p>
   </div>
   <div class='ocr_carea' id='block_1_8' title="bbox 367 2081 1541 2174">
    <p class='ocr_par' dir='ltr' id='par_1_8' title="bbox 367 2081 1541 2174">
     <span class='ocr_line' id='line_1_13' title="bbox 367 2081 1541 2174; baseline 0.003 -26"><span class='ocrx_word' id='word_1_68' title='bbox 367 2081 433 2149; x_wconf 82' lang='lat' dir='ltr'>He&#39;c</span> <span class='ocrx_word' id='word_1_69' title='bbox 447 2084 542 2169; x_wconf 78' lang='lat' dir='ltr'>facit</span> <span class='ocrx_word' id='word_1_70' title='bbox 563 2108 694 2151; x_wconf 84' lang='lat' dir='ltr'>cracem</span> <span class='ocrx_word' id='word_1_71' title='bbox 718 2110 793 2152; x_wconf 77' lang='lat' dir='ltr'>cara</span> <span class='ocrx_word' id='word_1_72' title='bbox 811 2087 932 2174; x_wconf 82' lang='lat' dir='ltr'>pollice</span> <span class='ocrx_word' id='word_1_73' title='bbox 951 2089 985 2153; x_wconf 84' lang='lat' dir='ltr'>in</span> <span class='ocrx_word' id='word_1_74' title='bbox 1005 2090 1125 2154; x_wconf 79' lang='lat' dir='ltr'>vertice</span> <span class='ocrx_word' id='word_1_75' title='bbox 1144 2111 1219 2153; x_wconf 77' lang='lat' dir='ltr'>earn</span> <span class='ocrx_word' id='word_1_76' title='bbox 1239 2089 1397 2154; x_wconf 80' lang='lat' dir='ltr'>crismate</span> <span class='ocrx_word' id='word_1_77' title='bbox 1420 2089 1541 2154; x_wconf 82' lang='lat' dir='ltr'>de&#39;ceas.</span> 
     </span>
    </p>
   </div>
   <div class='ocr_carea' id='block_1_9' title="bbox 475 2208 1542 2312">
    <p class='ocr_par' dir='ltr' id='par_1_9' title="bbox 475 2208 1542 2312">
     <span class='ocr_line' id='line_1_14' title="bbox 475 2208 1542 2312; baseline 0.003 -28"><span class='ocrx_word' id='word_1_78' title='bbox 475 2208 682 2312; x_wconf 87' lang='lat' dir='ltr'>Quesumus</span> <span class='ocrx_word' id='word_1_79' title='bbox 707 2218 927 2307; x_wconf 90' lang='lat' dir='ltr'>omnipotens</span> <span class='ocrx_word' id='word_1_80' title='bbox 947 2231 1046 2309; x_wconf 88' lang='lat' dir='ltr'>pater</span> <span class='ocrx_word' id='word_1_81' title='bbox 1072 2219 1201 2287; x_wconf 91' lang='lat' dir='ltr'>domini</span> <span class='ocrx_word' id='word_1_82' title='bbox 1225 2220 1334 2287; x_wconf 90' lang='lat' dir='ltr'>nostri</span> <span class='ocrx_word' id='word_1_83' title='bbox 1359 2219 1457 2289; x_wconf 90' lang='lat' dir='ltr'>ihesu</span> <span class='ocrx_word' id='word_1_84' title='bbox 1481 2221 1542 2287; x_wconf 93' lang='lat' dir='ltr'>cri·</span> 
     </span>
    </p>
   </div>
   <div class='ocr_carea' id='block_1_10' title="bbox 366 2331 1542 2724">
    <p class='ocr_par' dir='ltr' id='par_1_10' title="bbox 366 2331 1542 2724">
     <span class='ocr_line' id='line_1_15' title="bbox 366 2331 1542 2424; baseline 0.003 -25"><span class='ocrx_word' id='word_1_85' title='bbox 366 2331 420 2401; x_wconf 92' lang='lat' dir='ltr'>sti.</span> <span class='ocrx_word' id='word_1_86' title='bbox 446 2333 559 2421; x_wconf 91' lang='lat' dir='ltr'>quite</span> <span class='ocrx_word' id='word_1_87' title='bbox 583 2335 806 2423; x_wconf 85' lang='lat' dir='ltr'>regenerauit</span> <span class='ocrx_word' id='word_1_88' title='bbox 839 2359 883 2402; x_wconf 87' lang='lat' dir='ltr'>ex</span> <span class='ocrx_word' id='word_1_89' title='bbox 917 2358 1007 2424; x_wconf 89' lang='lat' dir='ltr'>aqua</span> <span class='ocrx_word' id='word_1_90' title='bbox 1038 2349 1072 2403; x_wconf 89' lang='lat' dir='ltr'>et</span> <span class='ocrx_word' id='word_1_91' title='bbox 1104 2335 1225 2424; x_wconf 88' lang='lat' dir='ltr'>spiritu</span> <span class='ocrx_word' id='word_1_92' title='bbox 1255 2348 1387 2404; x_wconf 90' lang='lat' dir='ltr'>sancto.</span> <span class='ocrx_word' id='word_1_93' title='bbox 1414 2336 1542 2424; x_wconf 92' lang='lat' dir='ltr'>quique</span> 
     </span>
     <span class='ocr_line' id='line_1_16' title="bbox 366 2440 1542 2532; baseline 0.003 -25"><span class='ocrx_word' id='word_1_94' title='bbox 366 2440 459 2508; x_wconf 89' lang='lat' dir='ltr'>dedit</span> <span class='ocrx_word' id='word_1_95' title='bbox 483 2441 544 2509; x_wconf 93' lang='lat' dir='ltr'>tibi</span> <span class='ocrx_word' id='word_1_96' title='bbox 569 2441 810 2509; x_wconf 87' lang='lat' dir='ltr'>remissionem</span> <span class='ocrx_word' id='word_1_97' title='bbox 831 2442 984 2510; x_wconf 93' lang='lat' dir='ltr'>omnium</span> <span class='ocrx_word' id='word_1_98' title='bbox 1009 2455 1243 2531; x_wconf 88' lang='lat' dir='ltr'>peecatorum.</span> <span class='ocrx_word' id='word_1_99' title='bbox 1287 2443 1366 2532; x_wconf 87' lang='lat' dir='ltr'>lpse</span> <span class='ocrx_word' id='word_1_100' title='bbox 1390 2454 1425 2510; x_wconf 93' lang='lat' dir='ltr'>te</span> <span class='ocrx_word' id='word_1_101' title='bbox 1448 2443 1542 2510; x_wconf 90' lang='lat' dir='ltr'>liniet</span> 
     </span>
     <span class='ocr_line' id='line_1_17' title="bbox 366 2546 1542 2630; baseline 0.003 -16"><span class='ocrx_word' id='word_1_102' title='bbox 366 2546 573 2630; x_wconf 69' lang='lat' dir='ltr'>crisimate</span> <span class='ocrx_word' id='word_1_103' title='bbox 609 2549 740 2617; x_wconf 90' lang='lat' dir='ltr'>salutis.</span> <span class='ocrx_word' id='word_1_104' title='bbox 793 2549 829 2616; x_wconf 89' lang='lat' dir='ltr'>In</span> <span class='ocrx_word' id='word_1_105' title='bbox 864 2549 970 2616; x_wconf 91' lang='lat' dir='ltr'>cristo</span> <span class='ocrx_word' id='word_1_106' title='bbox 1006 2549 1105 2617; x_wconf 91' lang='lat' dir='ltr'>ihesu</span> <span class='ocrx_word' id='word_1_107' title='bbox 1139 2549 1280 2617; x_wconf 92' lang='lat' dir='ltr'>domino</span> <span class='ocrx_word' id='word_1_108' title='bbox 1315 2564 1447 2618; x_wconf 90' lang='lat' dir='ltr'>nostro.</span> <span class='ocrx_word' id='word_1_109' title='bbox 1505 2551 1542 2618; x_wconf 93' lang='lat' dir='ltr'>In</span> 
     </span>
     <span class='ocr_line' id='line_1_18' title="bbox 366 2654 837 2724; baseline 0.004 -3"><span class='ocrx_word' id='word_1_110' title='bbox 366 2654 472 2722; x_wconf 85' lang='lat' dir='ltr'>vitam</span> <span class='ocrx_word' id='word_1_111' title='bbox 498 2668 664 2722; x_wconf 88' lang='lat' dir='ltr'>eternam.</span> <span class='ocrx_word' id='word_1_112' title='bbox 711 2656 837 2724; x_wconf 90' lang='lat' dir='ltr'>Amen.</span> 
     </span>
    </p>
   </div>
   <div class='ocr_carea' id='block_1_11' title="bbox 472 2835 1541 3058">
    <p class='ocr_par' dir='ltr' id='par_1_11' title="bbox 472 2835 1541 3058">
     <span class='ocr_line' id='line_1_19' title="bbox 610 2835 1306 2926; baseline 0.001 -24"><span class='ocrx_word' id='word_1_113' title='bbox 610 2835 676 2902; x_wconf 80' lang='lat' dir='ltr'>Hic</span> <span class='ocrx_word' id='word_1_114' title='bbox 694 2839 792 2924; x_wconf 73' lang='lat' dir='ltr'>poerit</span> <span class='ocrx_word' id='word_1_115' title='bbox 814 2839 954 2903; x_wconf 80' lang='lat' dir='ltr'>mitram</span> <span class='ocrx_word' id='word_1_116' title='bbox 968 2840 991 2914; x_wconf 77' lang='lat'>³)</span> <span class='ocrx_word' id='word_1_117' title='bbox 1017 2839 1050 2903; x_wconf 76' lang='lat' dir='ltr'>in</span> <span class='ocrx_word' id='word_1_118' title='bbox 1074 2839 1179 2926; x_wconf 79' lang='lat' dir='ltr'>capite</span> <span class='ocrx_word' id='word_1_119' title='bbox 1196 2840 1306 2925; x_wconf 81' lang='lat' dir='ltr'>pueri.</span> 
     </span>
     <span class='ocr_line' id='line_1_20' title="bbox 472 2962 1541 3058; baseline 0 -20"><span class='ocrx_word' id='word_1_120' title='bbox 472 2962 612 3058; x_wconf 87' lang='lat' dir='ltr'>Accipe</span> <span class='ocrx_word' id='word_1_121' title='bbox 644 2983 779 3038; x_wconf 89' lang='lat' dir='ltr'>vestem</span> <span class='ocrx_word' id='word_1_122' title='bbox 812 2965 977 3038; x_wconf 81' lang='lat' dir='ltr'>sanctam&#39;.</span> <span class='ocrx_word' id='word_1_123' title='bbox 1003 2970 1186 3038; x_wconf 88' lang='lat' dir='ltr'>candidam</span> <span class='ocrx_word' id='word_1_124' title='bbox 1218 2984 1252 3038; x_wconf 90' lang='lat' dir='ltr'>et</span> <span class='ocrx_word' id='word_1_125' title='bbox 1277 2970 1541 3038; x_wconf 85' lang='lat' dir='ltr'>immaculatam.</span> 
     </span>
    </p>
   </div>
   <div class='ocr_carea' id='block_1_12' title="bbox 366 3085 1542 3261">
    <p class='ocr_par' dir='ltr' id='par_1_12' title="bbox 366 3085 1542 3261">
     <span class='ocr_line' id='line_1_21' title="bbox 366 3085 1542 3173; baseline 0 -21"><span class='ocrx_word' id='word_1_126' title='bbox 366 3107 470 3172; x_wconf 89' lang='lat' dir='ltr'>quam</span> <span class='ocrx_word' id='word_1_127' title='bbox 494 3085 653 3173; x_wconf 82' lang='lat' dir='ltr'>perieras</span> <span class='ocrx_word' id='word_1_128' title='bbox 684 3099 763 3154; x_wconf 88' lang='lat' dir='ltr'>ante</span> <span class='ocrx_word' id='word_1_129' title='bbox 792 3086 941 3155; x_wconf 90' lang='lat' dir='ltr'>tribunal</span> <span class='ocrx_word' id='word_1_130' title='bbox 973 3086 1068 3154; x_wconf 87' lang='lat' dir='ltr'>cristi</span> <span class='ocrx_word' id='word_1_131' title='bbox 1102 3100 1139 3154; x_wconf 85' lang='lat' dir='ltr'>vt</span> <span class='ocrx_word' id='word_1_132' title='bbox 1170 3087 1300 3154; x_wconf 84' lang='lat' dir='ltr'>habeas</span> <span class='ocrx_word' id='word_1_133' title='bbox 1325 3085 1432 3153; x_wconf 85' lang='lat' dir='ltr'>vitam</span> <span class='ocrx_word' id='word_1_134' title='bbox 1456 3098 1542 3153; x_wconf 90' lang='lat' dir='ltr'>eter-</span> 
     </span>
     <span class='ocr_line' id='line_1_22' title="bbox 367 3193 595 3261; baseline 0.004 -2"><span class='ocrx_word' id='word_1_135' title='bbox 367 3214 446 3259; x_wconf 88' lang='lat' dir='ltr'>nam</span> <span class='ocrx_word' id='word_1_136' title='bbox 471 3193 595 3261; x_wconf 90' lang='lat' dir='ltr'>Amen.</span> 
     </span>
    </p>
   </div>
   <div class='ocr_carea' id='block_1_13' title="bbox 364 3422 1545 4566">
    <p class='ocr_par' dir='ltr' id='par_1_13' title="bbox 364 3422 1544 4121">
     <span class='ocr_line' id='line_1_23' title="bbox 475 3422 1543 3492; baseline -0.004 -13"><span class='ocrx_word' id='word_1_137' title='bbox 475 3426 493 3492; x_wconf 81' lang='lat'>¹)</span> <span class='ocrx_word' id='word_1_138' title='bbox 514 3425 569 3480; x_wconf 89' lang='lat' dir='ltr'>Die</span> <span class='ocrx_word' id='word_1_139' title='bbox 584 3423 678 3479; x_wconf 84' lang='lat' dir='ltr'>Taufe</span> <span class='ocrx_word' id='word_1_140' title='bbox 693 3424 797 3478; x_wconf 91' lang='lat' dir='ltr'>wurde</span> <span class='ocrx_word' id='word_1_141' title='bbox 812 3423 900 3478; x_wconf 91' lang='lat' dir='ltr'>somit</span> <span class='ocrx_word' id='word_1_142' title='bbox 914 3422 1006 3476; x_wconf 93' lang='lat' dir='ltr'>durch</span> <span class='ocrx_word' id='word_1_143' title='bbox 1023 3422 1244 3477; x_wconf 88' lang='lat' dir='ltr'>Untertauchen</span> <span class='ocrx_word' id='word_1_144' title='bbox 1263 3423 1436 3492; x_wconf 87' lang='lat' dir='ltr'>gespendet.</span> <span class='ocrx_word' id='word_1_145' title='bbox 1471 3422 1543 3476; x_wconf 91' lang='lat' dir='ltr'>Das·</span> 
     </span>
     <span class='ocr_line' id='line_1_24' title="bbox 365 3510 1542 3583; baseline -0.005 -14"><span class='ocrx_word' id='word_1_146' title='bbox 365 3515 446 3569; x_wconf 90' lang='lat' dir='ltr'>selbe</span> <span class='ocrx_word' id='word_1_147' title='bbox 471 3514 509 3569; x_wconf 92' lang='lat' dir='ltr'>ist</span> <span class='ocrx_word' id='word_1_148' title='bbox 534 3515 586 3568; x_wconf 88' lang='lat' dir='ltr'>der</span> <span class='ocrx_word' id='word_1_149' title='bbox 610 3513 671 3568; x_wconf 89' lang='lat' dir='ltr'>Fall</span> <span class='ocrx_word' id='word_1_150' title='bbox 697 3513 771 3567; x_wconf 88' lang='lat' dir='ltr'>nach</span> <span class='ocrx_word' id='word_1_151' title='bbox 796 3513 849 3566; x_wconf 86' lang='lat' dir='ltr'>der</span> <span class='ocrx_word' id='word_1_152' title='bbox 872 3513 1000 3583; x_wconf 86' lang='lat' dir='ltr'>Agenda</span> <span class='ocrx_word' id='word_1_153' title='bbox 1024 3511 1167 3567; x_wconf 89' lang='lat' dir='ltr'>Mindens.</span> <span class='ocrx_word' id='word_1_154' title='bbox 1210 3511 1272 3566; x_wconf 88' lang='lat' dir='ltr'>Das</span> <span class='ocrx_word' id='word_1_155' title='bbox 1295 3510 1459 3566; x_wconf 84' lang='lat' dir='ltr'>Tausritual</span> <span class='ocrx_word' id='word_1_156' title='bbox 1483 3527 1542 3565; x_wconf 91' lang='lat' dir='ltr'>von</span> 
     </span>
     <span class='ocr_line' id='line_1_25' title="bbox 365 3600 1542 3672; baseline -0.004 -13"><span class='ocrx_word' id='word_1_157' title='bbox 365 3603 495 3659; x_wconf 87' lang='lat' dir='ltr'>Skara:</span> <span class='ocrx_word' id='word_1_158' title='bbox 515 3603 552 3658; x_wconf 89' lang='lat' dir='ltr'>Et</span> <span class='ocrx_word' id='word_1_159' title='bbox 566 3603 708 3657; x_wconf 81' lang='lat' dir='ltr'>sacerdos</span> <span class='ocrx_word' id='word_1_160' title='bbox 722 3601 865 3672; x_wconf 88' lang='lat' dir='ltr'>requisito</span> <span class='ocrx_word' id='word_1_161' title='bbox 881 3601 1009 3656; x_wconf 87' lang='lat' dir='ltr'>nomine.</span> <span class='ocrx_word' id='word_1_162' title='bbox 1029 3601 1120 3656; x_wconf 88' lang='lat' dir='ltr'>tribus</span> <span class='ocrx_word' id='word_1_163' title='bbox 1136 3601 1248 3655; x_wconf 90' lang='lat' dir='ltr'>vicibus</span> <span class='ocrx_word' id='word_1_164' title='bbox 1263 3600 1385 3672; x_wconf 88' lang='lat' dir='ltr'>intingat</span> <span class='ocrx_word' id='word_1_165' title='bbox 1404 3600 1542 3655; x_wconf 83' lang='lat' dir='ltr'>infantem</span> 
     </span>
     <span class='ocr_line' id='line_1_26' title="bbox 365 3689 1542 3762; baseline -0.005 -14"><span class='ocrx_word' id='word_1_166' title='bbox 365 3693 467 3748; x_wconf 88' lang='lat' dir='ltr'>dicens</span> <span class='ocrx_word' id='word_1_167' title='bbox 492 3691 528 3747; x_wconf 89' lang='lat' dir='ltr'>Et</span> <span class='ocrx_word' id='word_1_168' title='bbox 555 3709 612 3762; x_wconf 85' lang='lat' dir='ltr'>ego</span> <span class='ocrx_word' id='word_1_169' title='bbox 639 3701 667 3746; x_wconf 88' lang='lat' dir='ltr'>te</span> <span class='ocrx_word' id='word_1_170' title='bbox 695 3691 812 3762; x_wconf 88' lang='lat' dir='ltr'>baptizo</span> <span class='ocrx_word' id='word_1_171' title='bbox 837 3691 866 3744; x_wconf 92' lang='lat' dir='ltr'>in</span> <span class='ocrx_word' id='word_1_172' title='bbox 891 3690 1009 3746; x_wconf 90' lang='lat' dir='ltr'>nomine</span> <span class='ocrx_word' id='word_1_173' title='bbox 1032 3689 1126 3761; x_wconf 86' lang='lat' dir='ltr'>patris</span> <span class='ocrx_word' id='word_1_174' title='bbox 1151 3699 1204 3745; x_wconf 88' lang='lat' dir='ltr'>etc.</span> <span class='ocrx_word' id='word_1_175' title='bbox 1243 3689 1305 3744; x_wconf 91' lang='lat' dir='ltr'>Das</span> <span class='ocrx_word' id='word_1_176' title='bbox 1325 3689 1460 3744; x_wconf 86' lang='lat' dir='ltr'>Manuale</span> <span class='ocrx_word' id='word_1_177' title='bbox 1485 3707 1542 3743; x_wconf 84' lang='lat' dir='ltr'>von</span> 
     </span>
     <span class='ocr_line' id='line_1_27' title="bbox 365 3778 1543 3850; baseline -0.003 -14"><span class='ocrx_word' id='word_1_178' title='bbox 365 3782 465 3836; x_wconf 88' lang='lat' dir='ltr'>Aabo</span> <span class='ocrx_word' id='word_1_179' title='bbox 492 3781 597 3836; x_wconf 89' lang='lat' dir='ltr'>lautet:</span> <span class='ocrx_word' id='word_1_180' title='bbox 624 3781 707 3835; x_wconf 93' lang='lat' dir='ltr'>Tunc</span> <span class='ocrx_word' id='word_1_181' title='bbox 733 3780 876 3835; x_wconf 90' lang='lat' dir='ltr'>sacerdos</span> <span class='ocrx_word' id='word_1_182' title='bbox 902 3779 1049 3849; x_wconf 88' lang='lat' dir='ltr'>accipiens</span> <span class='ocrx_word' id='word_1_183' title='bbox 1076 3779 1173 3850; x_wconf 87' lang='lat' dir='ltr'>ipsum</span> <span class='ocrx_word' id='word_1_184' title='bbox 1200 3789 1229 3834; x_wconf 90' lang='lat' dir='ltr'>et</span> <span class='ocrx_word' id='word_1_185' title='bbox 1256 3779 1363 3850; x_wconf 90' lang='lat' dir='ltr'>patrini</span> <span class='ocrx_word' id='word_1_186' title='bbox 1391 3778 1543 3833; x_wconf 89' lang='lat' dir='ltr'>nominent</span> 
     </span>
     <span class='ocr_line' id='line_1_28' title="bbox 366 3868 1543 3942; baseline -0.003 -17"><span class='ocrx_word' id='word_1_187' title='bbox 366 3887 448 3926; x_wconf 88' lang='lat' dir='ltr'>eum:</span> <span class='ocrx_word' id='word_1_188' title='bbox 475 3870 603 3942; x_wconf 89' lang='lat' dir='ltr'>baptiset</span> <span class='ocrx_word' id='word_1_189' title='bbox 630 3887 696 3924; x_wconf 90' lang='lat' dir='ltr'>eum</span> <span class='ocrx_word' id='word_1_190' title='bbox 723 3869 799 3924; x_wconf 91' lang='lat' dir='ltr'>trina</span> <span class='ocrx_word' id='word_1_191' title='bbox 824 3869 1015 3923; x_wconf 89' lang='lat' dir='ltr'>immersione</span> <span class='ocrx_word' id='word_1_192' title='bbox 1041 3869 1150 3923; x_wconf 86' lang='lat' dir='ltr'>dicens.</span> <span class='ocrx_word' id='word_1_193' title='bbox 1188 3868 1225 3923; x_wconf 87' lang='lat' dir='ltr'>Et</span> <span class='ocrx_word' id='word_1_194' title='bbox 1250 3886 1306 3940; x_wconf 86' lang='lat' dir='ltr'>ego</span> <span class='ocrx_word' id='word_1_195' title='bbox 1331 3868 1447 3938; x_wconf 87' lang='lat' dir='ltr'>baptiso</span> <span class='ocrx_word' id='word_1_196' title='bbox 1467 3877 1495 3923; x_wconf 91' lang='lat' dir='ltr'>te</span> <span class='ocrx_word' id='word_1_197' title='bbox 1516 3868 1543 3922; x_wconf 89' lang='lat' dir='ltr'>in</span> 
     </span>
     <span class='ocr_line' id='line_1_29' title="bbox 365 3955 1544 4030; baseline -0.003 -16"><span class='ocrx_word' id='word_1_198' title='bbox 365 3960 483 4015; x_wconf 92' lang='lat' dir='ltr'>nomine</span> <span class='ocrx_word' id='word_1_199' title='bbox 504 3959 605 4030; x_wconf 87' lang='lat' dir='ltr'>patris.</span> <span class='ocrx_word' id='word_1_200' title='bbox 643 3959 680 4013; x_wconf 84' lang='lat' dir='ltr'>Et</span> <span class='ocrx_word' id='word_1_201' title='bbox 699 3967 853 4029; x_wconf 88' lang='lat' dir='ltr'>mergatur</span> <span class='ocrx_word' id='word_1_202' title='bbox 873 3957 902 4012; x_wconf 94' lang='lat' dir='ltr'>in</span> <span class='ocrx_word' id='word_1_203' title='bbox 922 3974 998 4028; x_wconf 87' lang='lat' dir='ltr'>aqua</span> <span class='ocrx_word' id='word_1_204' title='bbox 1017 3957 1053 4012; x_wconf 82' lang='lat' dir='ltr'>Et</span> <span class='ocrx_word' id='word_1_205' title='bbox 1072 3957 1128 4027; x_wconf 86' lang='lat' dir='ltr'>filij.</span> <span class='ocrx_word' id='word_1_206' title='bbox 1166 3957 1200 4012; x_wconf 86' lang='lat' dir='ltr'>Et</span> <span class='ocrx_word' id='word_1_207' title='bbox 1220 3958 1325 4012; x_wconf 90' lang='lat' dir='ltr'>iterum</span> <span class='ocrx_word' id='word_1_208' title='bbox 1344 3966 1468 4026; x_wconf 85' lang='lat' dir='ltr'>mergat.</span> <span class='ocrx_word' id='word_1_209' title='bbox 1507 3955 1544 4011; x_wconf 87' lang='lat' dir='ltr'>Et</span> 
     </span>
     <span class='ocr_line' id='line_1_30' title="bbox 364 4046 1452 4121; baseline -0.003 -17"><span class='ocrx_word' id='word_1_210' title='bbox 364 4049 579 4121; x_wconf 88' lang='lat' dir='ltr'>spiritussancti</span> <span class='ocrx_word' id='word_1_211' title='bbox 599 4065 694 4104; x_wconf 88' lang='lat' dir='ltr'>amen.</span> <span class='ocrx_word' id='word_1_212' title='bbox 733 4047 769 4103; x_wconf 89' lang='lat' dir='ltr'>Et</span> <span class='ocrx_word' id='word_1_213' title='bbox 789 4057 939 4118; x_wconf 85' lang='lat' dir='ltr'>mergatur</span> <span class='ocrx_word' id='word_1_214' title='bbox 958 4047 1050 4102; x_wconf 82' lang='lat' dir='ltr'>tertia.</span> <span class='ocrx_word' id='word_1_215' title='bbox 1090 4046 1260 4115; x_wconf 82' lang='lat' dir='ltr'>Quensel,</span> <span class='ocrx_word' id='word_1_216' title='bbox 1279 4046 1324 4101; x_wconf 91' lang='lat' dir='ltr'>cit.</span> <span class='ocrx_word' id='word_1_217' title='bbox 1344 4063 1371 4116; x_wconf 93' lang='lat' dir='ltr'>p.</span> <span class='ocrx_word' id='word_1_218' title='bbox 1395 4046 1452 4101; x_wconf 85' lang='lat'><em>108.</em></span> 
     </span>
    </p>

    <p class='ocr_par' dir='ltr' id='par_1_14' title="bbox 366 4135 1543 4299">
     <span class='ocr_line' id='line_1_31' title="bbox 473 4135 1543 4206; baseline -0.002 -14"><span class='ocrx_word' id='word_1_219' title='bbox 473 4138 493 4206; x_wconf 78' lang='lat'>²)</span> <span class='ocrx_word' id='word_1_220' title='bbox 514 4138 614 4192; x_wconf 89' lang='lat' dir='ltr'>Durch</span> <span class='ocrx_word' id='word_1_221' title='bbox 634 4137 663 4193; x_wconf 88' lang='lat' dir='ltr'>S.</span> <span class='ocrx_word' id='word_1_222' title='bbox 685 4137 717 4193; x_wconf 89' lang='lat' dir='ltr'>C.</span> <span class='ocrx_word' id='word_1_223' title='bbox 737 4137 771 4193; x_wconf 91' lang='lat' dir='ltr'>R.</span> <span class='ocrx_word' id='word_1_224' title='bbox 792 4153 816 4206; x_wconf 85' lang='lat'>3.</span> <span class='ocrx_word' id='word_1_225' title='bbox 837 4137 901 4206; x_wconf 87' lang='lat' dir='ltr'>Jan.</span> <span class='ocrx_word' id='word_1_226' title='bbox 924 4137 993 4206; x_wconf 83' lang='lat'>1853</span> <span class='ocrx_word' id='word_1_227' title='bbox 1012 4136 1049 4190; x_wconf 92' lang='lat' dir='ltr'>ist</span> <span class='ocrx_word' id='word_1_228' title='bbox 1075 4136 1121 4190; x_wconf 88' lang='lat' dir='ltr'>die</span> <span class='ocrx_word' id='word_1_229' title='bbox 1142 4136 1350 4206; x_wconf 80' lang='lat' dir='ltr'>Hinzutitgung</span> <span class='ocrx_word' id='word_1_230' title='bbox 1373 4135 1426 4190; x_wconf 90' lang='lat' dir='ltr'>des</span> <span class='ocrx_word' id='word_1_231' title='bbox 1446 4135 1543 4190; x_wconf 80' lang='lat' dir='ltr'>Amen</span> 
     </span>
     <span class='ocr_line' id='line_1_32' title="bbox 366 4223 1542 4299; baseline -0.004 -18"><span class='ocrx_word' id='word_1_232' title='bbox 366 4235 526 4299; x_wconf 88' lang='lat' dir='ltr'>untersagt.</span> <span class='ocrx_word' id='word_1_233' title='bbox 560 4226 774 4296; x_wconf 84' lang='lat' dir='ltr'>Thalhofer‚</span> <span class='ocrx_word' id='word_1_234' title='bbox 795 4225 958 4280; x_wconf 87' lang='lat' dir='ltr'>Handbuch</span> <span class='ocrx_word' id='word_1_235' title='bbox 978 4226 1032 4280; x_wconf 88' lang='lat' dir='ltr'>der</span> <span class='ocrx_word' id='word_1_236' title='bbox 1051 4225 1156 4281; x_wconf 87' lang='lat' dir='ltr'>kathol.</span> <span class='ocrx_word' id='word_1_237' title='bbox 1173 4225 1310 4296; x_wconf 87' lang='lat' dir='ltr'>Liturgik.</span> <span class='ocrx_word' id='word_1_238' title='bbox 1333 4225 1408 4294; x_wconf 81' lang='lat'>1890.</span> <span class='ocrx_word' id='word_1_239' title='bbox 1430 4223 1461 4278; x_wconf 89' lang='lat'>11.</span> <span class='ocrx_word' id='word_1_240' title='bbox 1482 4239 1542 4294; x_wconf 85' lang='lat'>512.</span> 
     </span>
    </p>

    <p class='ocr_par' dir='ltr' id='par_1_15' title="bbox 365 4312 1545 4566">
     <span class='ocr_line' id='line_1_33' title="bbox 474 4312 1545 4386; baseline -0.006 -14"><span class='ocrx_word' id='word_1_241' title='bbox 474 4317 493 4384; x_wconf 78' lang='lat'>³)</span> <span class='ocrx_word' id='word_1_242' title='bbox 515 4317 596 4372; x_wconf 88' lang='lat' dir='ltr'>Nach</span> <span class='ocrx_word' id='word_1_243' title='bbox 620 4316 676 4372; x_wconf 88' lang='lat' dir='ltr'>Rit.</span> <span class='ocrx_word' id='word_1_244' title='bbox 698 4316 785 4370; x_wconf 90' lang='lat' dir='ltr'>Rom.</span> <span class='ocrx_word' id='word_1_245' title='bbox 807 4315 850 4370; x_wconf 92' lang='lat' dir='ltr'>cit.</span> <span class='ocrx_word' id='word_1_246' title='bbox 876 4332 903 4385; x_wconf 88' lang='lat' dir='ltr'>p.</span> <span class='ocrx_word' id='word_1_247' title='bbox 929 4332 965 4386; x_wconf 81' lang='lat'>43</span> <span class='ocrx_word' id='word_1_248' title='bbox 988 4315 1035 4370; x_wconf 91' lang='lat' dir='ltr'>ein</span> <span class='ocrx_word' id='word_1_249' title='bbox 1061 4315 1218 4370; x_wconf 90' lang='lat' dir='ltr'>chrismale</span> <span class='ocrx_word' id='word_1_250' title='bbox 1242 4331 1294 4368; x_wconf 90' lang='lat' dir='ltr'>seu</span> <span class='ocrx_word' id='word_1_251' title='bbox 1318 4312 1473 4368; x_wconf 89' lang='lat' dir='ltr'>candidum</span> <span class='ocrx_word' id='word_1_252' title='bbox 1498 4313 1545 4366; x_wconf 91' lang='lat' dir='ltr'>lin·</span> 
     </span>
     <span class='ocr_line' id='line_1_34' title="bbox 365 4400 1543 4477; baseline -0.003 -19"><span class='ocrx_word' id='word_1_253' title='bbox 365 4405 485 4460; x_wconf 83' lang='lat' dir='ltr'>teolurn.</span> <span class='ocrx_word' id='word_1_254' title='bbox 517 4406 598 4462; x_wconf 91' lang='lat' dir='ltr'>Nach</span> <span class='ocrx_word' id='word_1_255' title='bbox 615 4407 743 4477; x_wconf 86' lang='lat' dir='ltr'>Agenda</span> <span class='ocrx_word' id='word_1_256' title='bbox 759 4405 859 4461; x_wconf 75' lang='lat' dir='ltr'>Mina:</span> <span class='ocrx_word' id='word_1_257' title='bbox 881 4403 1011 4474; x_wconf 83' lang='lat' dir='ltr'>„Deinde</span> <span class='ocrx_word' id='word_1_258' title='bbox 1026 4421 1103 4475; x_wconf 82' lang='lat' dir='ltr'>pone</span> <span class='ocrx_word' id='word_1_259' title='bbox 1118 4421 1246 4475; x_wconf 88' lang='lat' dir='ltr'>cappam</span> <span class='ocrx_word' id='word_1_260' title='bbox 1262 4403 1300 4457; x_wconf 89' lang='lat' dir='ltr'>ad</span> <span class='ocrx_word' id='word_1_261' title='bbox 1318 4411 1407 4473; x_wconf 87' lang='lat' dir='ltr'>caput</span> <span class='ocrx_word' id='word_1_262' title='bbox 1426 4400 1543 4456; x_wconf 85' lang='lat' dir='ltr'>infantis</span> 
     </span>
     <span class='ocr_line' id='line_1_35' title="bbox 366 4491 1544 4566; baseline -0.003 -18"><span class='ocrx_word' id='word_1_263' title='bbox 366 4494 475 4549; x_wconf 90' lang='lat' dir='ltr'>dicens.</span> <span class='ocrx_word' id='word_1_264' title='bbox 523 4496 588 4566; x_wconf 88' lang='lat' dir='ltr'><strong>Vgl.</strong></span> <span class='ocrx_word' id='word_1_265' title='bbox 622 4497 695 4550; x_wconf 85' lang='lat' dir='ltr'>ssber</span> <span class='ocrx_word' id='word_1_266' title='bbox 725 4495 772 4549; x_wconf 92' lang='lat' dir='ltr'>die</span> <span class='ocrx_word' id='word_1_267' title='bbox 809 4493 1018 4564; x_wconf 64' lang='lat' dir='ltr'>„Taustappet</span> <span class='ocrx_word' id='word_1_268' title='bbox 1058 4492 1270 4558; x_wconf 84' lang='lat' dir='ltr'>Thalhoser,</span> <span class='ocrx_word' id='word_1_269' title='bbox 1299 4491 1462 4546; x_wconf 89' lang='lat' dir='ltr'>Handbuch</span> <span class='ocrx_word' id='word_1_270' title='bbox 1491 4491 1544 4545; x_wconf 88' lang='lat' dir='ltr'>der</span> 
     </span>
    </p>
   </div>
   <div class='ocr_carea' id='block_1_14' title="bbox 0 0 1790 5402">
    <p class='ocr_par' dir='ltr' id='par_1_16' title="bbox 0 0 1790 5402">
     <span class='ocr_line' id='line_1_36' title="bbox 0 0 1790 5402; baseline 0 0"><span class='ocrx_word' id='word_1_271' title='bbox 0 0 1790 5402; x_wconf 95' lang='lat' dir='ltr'> </span> 
     </span>
    </p>
   </div>
  </div>
 </body>
</html>
