3534 5392
793 471 836 538 45

337 625 557 709 Sacerdotes
596 636 645 702 tui
688 636 871 703 induantur
914 635 1082 704 iusticiam
1127 648 1160 704 et
1202 635 1312 703 sancti
1357 633 1406 702 tui

227 752 392 821 exultent.

333 861 492 958 Propter
527 870 631 937 david
666 892 808 937 seruum
847 882 959 937 tuum:
1001 893 1068 939 non
1105 884 1246 938 avertas
1283 868 1406 937 faciem

228 984 323 1052 cristi
347 984 405 1053 tui.

334 1093 470 1170 Iuravit
494 1102 655 1171 dominus
680 1103 785 1170 david
809 1103 1062 1186 veritatemct
1087 1126 1155 1170 non
1180 1101 1405 1169 frustrabitur

229 1240 322 1284 eum:
347 1219 390 1285 de
413 1218 527 1286 fructu
551 1218 685 1286 ventris
708 1219 756 1286 tui
781 1243 908 1308 ponam
934 1242 1039 1308 super
1064 1220 1184 1287 sedem
1209 1231 1314 1287 tuam.

336 1323 380 1407 Si
404 1334 631 1402 custodierint
653 1335 712 1423 filij
737 1335 786 1402 tui
810 1348 1055 1403 testamentum
1072 1359 1217 1403 meum:
1249 1349 1283 1403 et
1312 1334 1405 1403 testi·

228 1451 342 1517 monia
367 1473 444 1518 mea
468 1452 532 1518 bec
557 1474 624 1539 que
649 1453 783 1519 docebo
809 1474 881 1519 eos.

333 1557 384 1635 Et
408 1566 466 1654 filij
492 1589 613 1635 eorum
639 1589 750 1655 vsque
775 1567 809 1634 in
829 1568 984 1635 seculum
1004 1568 1130 1636 seculi:
1156 1569 1327 1637 sedebunt
1352 1591 1404 1636 su-

226 1705 290 1768 per
314 1683 434 1750 sedem
459 1695 563 1751 tuam.

336 1789 515 1894 Quoniam
549 1799 656 1886 elegit
689 1800 849 1867 dominus
873 1822 981 1888 syon:
1011 1801 1117 1889 elegit
1146 1824 1223 1869 eam
1253 1802 1286 1869 in
1311 1803 1404 1870 habi-

227 1913 393 1981 tationem
417 1914 497 1988 sibi..

334 2021 418 2100 Hec
453 2032 592 2119 requies
626 2055 703 2101 mea
736 2033 769 2100 in
803 2032 959 2101 seculum
992 2034 1115 2101 seculi:
1151 2035 1204 2102 bic
1240 2035 1404 2103 habitabo

229 2145 389 2233 quoniam
415 2146 507 2235 elegi
532 2170 618 2216 eam.

334 2253 492 2330 Viduam
524 2264 597 2332 eius
629 2265 837 2333 benedicens
869 2266 1086 2334 benedicam:
1120 2290 1295 2356 pauperes
1328 2268 1405 2337 eius

226 2380 393 2446 saturabo
417 2379 576 2467 panibus.

336 2484 555 2568 Sacerdotes
579 2497 654 2564 eius
678 2497 820 2565 induant
836 2499 993 2566 salutari:
1019 2512 1052 2567 et
1077 2500 1185 2569 sancti
1210 2500 1284 2569 eius
1310 2501 1401 2568 exul·

226 2610 356 2678 tatione
380 2611 594 2682 exultabunt.

333 2719 420 2795 Illuc
455 2730 644 2817 producam
680 2753 790 2800 cornu
824 2732 944 2800 david:
978 2732 1099 2821 paravi
1132 2734 1307 2801 lucernam
1343 2733 1403 2800 cri·

227 2853 282 2910 sto
307 2863 396 2912 meo,

333 2950 498 3029 Inimicos
522 2961 596 3029 eius
616 2963 753 3030 induam
776 2964 993 3032 confusione:
1018 2989 1125 3054 super
1149 2965 1262 3053 ipsum
1287 2977 1404 3033 autem

226 3075 397 3143 efflorebit
421 3077 647 3146 sanctificatio
676 3102 761 3147 mea.

332 3200 419 3282 Ant.
467 3211 542 3280 Hec
574 3213 712 3301 requies
745 3238 822 3282 mea
851 3215 885 3282 in
909 3216 1064 3282 seculum
1097 3215 1204 3284 seculi
1229 3216 1283 3283 bic
1308 3216 1404 3284 habi-

226 3327 308 3393 tabo
333 3327 496 3414 quoniam
522 3329 613 3417 elegi
638 3353 726 3398 eam.

751 3582 882 3650 Oralrb.

333 3741 430 3808 Deus
464 3744 556 3830 apud
587 3766 690 3830 quem
726 3756 943 3811 mortuorum
975 3745 1118 3832 spiritus
1143 3745 1270 3811 viuent.
1303 3755 1337 3810 et
1369 3742 1402 3809 in

226 3871 295 3936 quo
327 3848 487 3916 videlicet
516 3849 704 3917 electorum
740 3863 958 3918 mortuorum
992 3851 1105 3918 anime
1138 3850 1300 3939 deposito
1333 3873 1403 3917 car-

225 3955 291 4023 mis
325 3978 432 4023 onere
464 3957 564 4045 plena
595 3957 757 4026 felicitate
785 3959 945 4027 letantur.
976 3971 1095 4046 presta
1127 3957 1402 4047 supplicantibus

225 4061 336 4130 nobis.
384 4062 430 4131 Ut
455 4062 568 4131 anima
592 4063 709 4132 famuli
734 4065 783 4132 tui
807 4065 848 4132 N.
875 4089 943 4153 que
974 4065 1158 4153 temporali
1183 4089 1246 4153 per
1273 4087 1402 4153 corpus

225 4169 326 4236 huius
351 4170 495 4248 luminis,
517 4171 627 4239 caruit
657 4171 745 4239 visu.
771 4184 890 4239 eterne
921 4172 1008 4241 lucis
1039 4172 1129 4240 illius
1160 4172 1292 4240 solacio
1316 4171 1403 4260 poti-

225 4290 314 4345 atur.
339 4301 407 4345 non
432 4301 507 4345 eam
533 4290 743 4346 tormentum
775 4279 898 4347 mortis
922 4279 1081 4367 attingat.
1107 4303 1174 4347 non
1200 4280 1301 4347 dolor
1325 4280 1403 4345 hor·

225 4385 333 4452 rende
355 4385 501 4453 visionis
533 4385 669 4453 afficiat.
717 4385 795 4454 Non
827 4387 960 4475 penalis
985 4386 1089 4454 timor
1120 4386 1306 4454 excruciet.
1333 4409 1402 4453 non

225 4515 367 4560 reorum
393 4493 553 4581 proxima
583 4493 728 4561 cathena
758 4494 987 4582 constringat,
1036 4492 1107 4562 Sed
1138 4515 1306 4561 concessa
1336 4493 1402 4560 sibi
