3534 5392
801 512 844 579 57

237 671 324 737 deus
353 651 574 758 omnipotens
606 668 856 750 beneldicere
885 681 918 736 et
949 667 1275 751 sanctificare†has
1307 683 1418 739 escas.

236 791 274 846 vt
309 777 506 866 quicunque
542 775 693 843 fidelium
734 788 873 843 tuorum
911 799 954 843 ex
989 775 1038 842 eis
1077 775 1291 843 comederint
1324 774 1419 843 omni

236 883 480 952 benedictione
505 883 623 951 celesti
648 895 682 950 et
706 882 831 970 gratia.
858 883 1003 950 saturati
1029 884 1238 971 repleantur.
1286 881 1363 950 Per.

663 1025 857 1094 Benedictio
875 1029 989 1115 panz's.

345 1152 505 1230 Benedic
536 1161 676 1229 domine
708 1174 904 1228 creaturam
939 1160 1040 1228 istam
1072 1160 1179 1248 panis.
1203 1159 1292 1229 sicut
1316 1163 1417 1227 bene·

239 1278 355 1347 dixisti
380 1279 531 1366 quinque
555 1300 664 1366 panes
689 1277 722 1344 in
748 1278 900 1344 deserto.
934 1289 967 1362 et
992 1278 1081 1345 duos
1105 1277 1228 1366 pisces.
1275 1275 1323 1348 Ut
1347 1298 1418 1344 om-

240 1409 300 1454 nes
325 1409 368 1453 ex
393 1409 435 1453 eo
460 1397 661 1473 gustantes:
694 1383 863 1473 accipiant
895 1397 965 1452 tam
991 1383 1151 1472 corporis
1177 1406 1281 1472 quam
1305 1383 1418 1451 anime

238 1506 434 1561 sanitatem.

582 1635 776 1703 Benedictio
800 1639 893 1703 easer'
908 1645 940 1703 et
961 1635 1072 1703 butr‘rr'.

347 1761 512 1857 Dignare
545 1769 685 1837 domine
716 1771 803 1836 deus
842 1769 1063 1858 omnipotens
1102 1768 1353 1853 beneldicere
1386 1782 1420 1836 et

240 1885 506 1969 sanctilficare
540 1886 629 1952 hanc
665 1898 862 1953 creaturam
899 1885 992 1953 casei
1028 1898 1062 1952 et
1097 1885 1201 1952 butiri
1236 1908 1340 1973 quarn
1376 1908 1419 1952 ex

241 1993 342 2081 adipe
367 1993 564 2060 animalium
597 1994 794 2082 producere
824 1992 988 2080 dignatus
1018 2016 1066 2060 es.
1092 2004 1129 2058 vt
1154 1992 1350 2080 quicunque
1375 2015 1419 2059 ex

240 2100 400 2167 fidelibus
435 2099 573 2189 populis
606 2101 685 2168 inde
717 2101 941 2169 comederint.
967 2100 1060 2167 omni
1092 2099 1333 2166 benedictione
1367 2122 1417 2166 ce·

241 2207 328 2276 lesti.
354 2220 388 2275 et
408 2208 522 2296 gratie
541 2221 599 2275 tue
620 2207 800 2276 saturitate
820 2208 1019 2296 repleantur
1040 2207 1073 2273 in
1093 2206 1203 2274 bonis.
1237 2206 1305 2274 Per
1325 2207 1419 2274 dom.

644 2350 838 2418 Benedictio
862 2374 1015 2417 ouorurn.

349 2477 551 2556 Subveniat
576 2485 715 2554 domine
735 2507 925 2574 quesumus
945 2497 1003 2551 tue
1022 2481 1314 2563 bene†dicti0nis
1338 2506 1419 2570 gra·

240 2602 287 2670 tia
318 2603 398 2669 huic
429 2626 578 2670 ouorum
608 2614 778 2670 creature.
803 2602 846 2669 de
878 2623 945 2688 qua
975 2600 1088 2689 pullos
1114 2599 1321 2686 gallinarum
1346 2599 1420 2686 dig·

243 2722 345 2777 natus
369 2732 407 2777 es
432 2732 633 2798 procreare.
659 2722 696 2776 vt
722 2709 819 2777 cibus
844 2708 1006 2776 salutaris
1035 2707 1093 2775 fiat
1122 2706 1281 2775 fidelibus
1306 2707 1338 2774 in
1363 2708 1419 2774 be·

243 2817 437 2884 nedictione
471 2830 609 2884 tuarum
643 2816 836 2904 gratiarum
870 2815 1098 2884 sumentibus.
1145 2813 1213 2882 Per
1243 2814 1419 2881 dominum

243 2938 412 2992 nostrum.

664 3263 855 3403 Caput
891 3264 999 3369 XI.

267 3477 318 3555 In
347 3479 542 3558 sabbato
573 3486 735 3559 sancto
766 3480 822 3557 ad
850 3478 1197 3558 benedicendum
1227 3500 1393 3555 nouum

729 3604 889 3703 ignem.
907 3604 932 3702 1)

350 3761 510 3830 Pronum
535 3788 626 3852 equa
651 3765 821 3832 benedicto
847 3766 1025 3852 prefertur
1054 3773 1086 3831 et
1112 3763 1319 3830 thuribulum
1348 3765 1422 3828 sz'ne

244 3871 331 3957 egere.
379 3869 428 3937 Et
453 3895 569 3938 cruces
599 3881 631 3938 et
659 3873 806 3939 candele.
853 3871 1024 3939 Sacerdos
1053 3871 1131 3938 olba
1160 3871 1301 3937 z'rrdutus
1329 3871 1423 3958 legat

244 3975 330 4041 lanc
353 3976 618 4045 benedr'ctronern.

350 4101 507 4178 Domine
537 4125 657 4180 sancte
689 4125 790 4200 pater
823 4111 1053 4201 omnipotens.
1088 4124 1206 4179 eterne
1238 4111 1335 4178 deus,
1383 4109 1419 4176 ln

244 4224 382 4292 nomine
407 4238 476 4294 tuo.
502 4240 536 4295 et
560 4227 618 4310 lilii
643 4227 691 4295 tui
715 4229 844 4296 domini
876 4228 985 4296 nostri
1010 4227 1108 4295 ihesu
1133 4227 1239 4294 cristi.
1265 4238 1299 4294 et
1323 4226 1419 4315 spiri-

353 4459 371 4526 ¹)
392 4459 434 4512 lm
449 4457 569 4513 Missale
584 4458 756 4511 Romanurn
778 4457 921 4524 (Sabbato
941 4459 1054 4523 sancto)
1074 4457 1139 4511 sind
1159 4457 1205 4511 die
1223 4456 1337 4512 Gebete
1358 4456 1421 4525 (mit

244 4548 420 4602 Ausnahme
441 4548 494 4603 des
514 4547 649 4614 zweiten)
670 4548 782 4600 andere
788 4565 795 4615 ;
816 4547 925 4601 ebenso
944 4547 972 4601 in
992 4547 1119 4616 Agenda
1138 4546 1225 4603 Mind.
1247 4546 1295 4601 sol.
1316 4547 1358 4616 58.
