3534 5392
803 497 843 561 41

343 655 474 732 Dicant
498 685 588 730 nunc
613 662 671 750 qui
696 662 817 730 timent
842 660 1034 729 dominum:
1059 659 1223 748 quoniam
1248 659 1281 727 in
1306 680 1356 728 se.

343 781 407 862 De
431 787 654 856 tribulatione
677 787 836 856 inuocaui
860 787 1054 854 dominum:
1085 798 1118 853 et
1150 783 1326 853 exaudiuit
1358 807 1414 851 me

235 907 269 974 in
292 905 472 974 latitudine
496 904 668 973 dominus,

344 1013 527 1094 Dominus
552 1020 655 1088 michi
685 1021 838 1088 adiutor:
863 1042 932 1087 non
956 1019 1086 1087 timebo
1110 1019 1192 1107 quid
1223 1017 1326 1086 faciat
1355 1017 1414 1084 mi·

238 1139 292 1206 chi
315 1140 431 1207 homo.

344 1246 526 1327 Dominus
555 1253 658 1321 michi
691 1253 844 1341 adjutor:
878 1265 913 1320 et
937 1275 1006 1339 ego
1038 1251 1227 1340 despiciam
1257 1250 1413 1318 inimicos

236 1395 344 1440 meos.

342 1480 487 1557 Bonum
512 1500 565 1555 est
590 1486 765 1554 confidere
789 1485 822 1552 in
851 1485 1011 1552 domino:
1041 1508 1144 1572 quarn
1173 1485 1351 1552 confidere
1379 1483 1412 1550 in

235 1607 385 1675 homine.

344 1713 488 1790 Bonum
524 1731 578 1788 est
613 1741 759 1806 sperare
793 1717 826 1784 in
863 1717 1022 1785 domino:
1059 1740 1162 1805 quarn
1196 1740 1341 1806 sperare
1378 1716 1412 1783 in

236 1837 462 1926 principibus.

345 1943 484 2024 Omnes
509 1962 634 2040 gentes
659 1951 867 2021 circuierunt
892 1973 960 2018 me:
986 1963 1020 2018 et
1045 1950 1077 2017 in
1102 1951 1242 2018 nomine
1265 1949 1412 2018 domini:

238 2069 318 2159 quia
341 2071 434 2137 vltus
458 2056 536 2137 sum
562 2069 595 2136 in
619 2091 693 2138 eos,

344 2177 615 2256 circumdantes
640 2185 942 2253 circumdederunt
967 2207 1037 2251 me:
1069 2197 1102 2251 et
1127 2183 1160 2250 in
1191 2183 1329 2251 nomine
1353 2185 1411 2252 do·

237 2301 331 2369 mini:
354 2301 434 2391 quia
458 2301 551 2368 vltus
575 2325 653 2369 sum
678 2301 710 2368 in
735 2304 823 2383 eol)

342 2410 524 2506 Impulsus
549 2439 697 2485 euersus
723 2439 800 2484 sum
825 2429 862 2484 ut
887 2418 1064 2484 caderem:
1094 2428 1128 2483 et
1153 2415 1313 2483 dominus
1337 2438 1410 2483 sus-

234 2535 349 2623 scepit
375 2557 439 2602 me.

342 2641 535 2748 Fortitudo
568 2673 645 2718 mea
676 2663 709 2718 et
741 2651 816 2717 laus
847 2673 925 2717 mea
954 2649 1130 2717 dominus:
1163 2663 1196 2717 et
1221 2649 1332 2718 lactus
1357 2662 1410 2716 est

238 2766 339 2834 michi
364 2767 397 2834 in
422 2767 579 2834 salutem.

343 2875 432 2952 Vox
457 2883 677 2951 exultationis
702 2895 736 2950 et
760 2883 896 2950 salutis:
921 2883 955 2950 in
974 2882 1207 2950 tabernaculis
1223 2882 1409 2970 justorum.

342 2999 508 3080 Dextera
532 3007 660 3076 domini
685 3007 765 3075 fecit
789 3008 970 3075 virtutem:
1000 3009 1143 3074 dextera
1168 3006 1298 3075 domini
1323 3006 1412 3074 exal·

236 3123 322 3190 tavit
347 3146 415 3191 me:
441 3125 586 3191 dextera
612 3123 740 3191 domini
765 3123 846 3191 fecit
870 3123 1045 3191 virtutem.

343 3231 427 3308 Non
454 3240 583 3308 moriar
607 3241 669 3308 sed
694 3239 811 3308 viuam
836 3254 870 3308 et
894 3241 1047 3307 narrabo
1072 3263 1180 3328 opera
1205 3239 1344 3307 domini.

344 3356 536 3454 Castigans
562 3366 749 3454 castigavit
775 3389 830 3434 me
854 3364 1030 3434 dominus:
1060 3378 1093 3432 et
1126 3365 1229 3433 morti
1253 3389 1320 3433 non
1347 3377 1412 3432 tra·

236 3481 321 3548 didit
347 3505 411 3550 me.
634 3555 637 3560 ,

343 3591 499 3686 Aperite
526 3599 629 3666 michi
649 3612 769 3687 portas
785 3598 938 3686 justicie:
963 3598 1146 3684 ingressus
1170 3597 1202 3664 in
1228 3621 1287 3664 eas
1313 3596 1415 3665 confi-

234 3716 336 3781 tebor
362 3714 517 3782 domino:
542 3715 606 3782 hec
630 3727 732 3802 porta
757 3715 902 3782 domini:
927 3715 1007 3782 iusti
1031 3714 1207 3782 intrabunt
1231 3713 1264 3780 in
1289 3736 1377 3781 eam.

343 3821 553 3900 Confitebor
577 3831 637 3898 tibi
661 3832 824 3920 quoniam
857 3831 1028 3899 exaudisti
1059 3853 1128 3898 me:
1161 3843 1195 3898 et
1231 3831 1342 3898 factus
1374 3852 1412 3897 es

236 3946 339 4014 michi
363 3947 396 4014 in
421 3949 578 4016 salutem.

236 4165 450 4173 ———..—.

342 4270 362 4338 ²)
383 4269 445 4325 Der
464 4270 493 4324 in
507 4271 561 4325 der
577 4270 704 4342 Vulgata
723 4270 859 4342 folgende
874 4271 965 4325 Vers:
986 4269 1252 4325 Circumdederunt
1272 4286 1320 4323 me
1339 4268 1414 4323 sicut

235 4376 308 4430 apes
335 4368 364 4415 et
390 4368 568 4415 exarserunt
594 4360 669 4414 sicut
693 4359 768 4431 ignis
791 4360 820 4415 in
844 4360 937 4430 spinis
961 4368 990 4414 et
1014 4359 1042 4413 in
1066 4358 1185 4413 nomine
1209 4357 1320 4412 domini
1344 4357 1414 4427 quia

234 4451 310 4504 ultus
338 4466 404 4504 sum
431 4449 461 4503 in
490 4466 543 4504 eos
571 4448 643 4504 sehlt
669 4449 710 4503 im
738 4448 883 4503 Manuale.
929 4448 975 4502 Da
1005 4449 1058 4503 der
1085 4446 1164 4503 Vers
1190 4447 1219 4501 in
1246 4447 1329 4502 LXX
1355 4447 1414 4501 und

233 4538 361 4610 Vulgata
380 4540 468 4608 steht,
489 4538 560 4609 liegt
578 4539 657 4593 wohl
676 4538 723 4592 ein
743 4537 962 4593 Schreibsehler
981 4555 1043 4594 vor.
