3534 5392
915 463 960 552 58

350 652 406 709 tus
439 641 559 709 sancti.
590 640 827 708 benedicimus
859 641 950 708 hunc
984 641 1101 729 ignem
1134 654 1167 709 et
1199 641 1467 710 sanctificamus.
1493 654 1530 709 et

349 749 453 836 signo
479 748 740 829 crucisllhesu
764 747 860 815 cristi
888 747 946 835 filij
971 748 1020 816 tui
1044 749 1235 837 signamus
1282 748 1329 817 Ut
1355 749 1446 816 intus
1471 748 1529 815 vel

351 855 438 923 foris
462 878 642 924 accensus.
690 856 784 944 quod
808 867 910 922 nocet
934 878 1003 923 non
1027 856 1197 924 incendat.
1245 853 1317 925 Sed
1342 855 1458 923 omnia
1482 855 1528 922 ad

351 983 437 1032 vsus
461 961 639 1030 hominum
664 962 863 1030 necessaria
895 962 1044 1030 calescat
1069 962 1144 1030 siue
1168 962 1343 1030 illuminet.
1391 961 1434 1029 Et
1458 984 1529 1049 que

351 1093 395 1138 ex
419 1070 486 1137 hoc
511 1069 593 1158 igne
622 1070 748 1138 fuerint
782 1069 930 1137 conflata
961 1071 1017 1137 vel
1049 1070 1216 1138 calefacta
1240 1069 1308 1137 sint
1331 1069 1525 1138 benedicta.

350 1190 384 1244 et
409 1176 502 1244 omni
525 1177 674 1244 humane
697 1177 800 1244 saluti
831 1176 936 1244 vtilia.
983 1176 1062 1244 Non
1087 1189 1124 1244 vt
1150 1200 1227 1244 cum
1251 1177 1364 1245 nadab
1388 1189 1422 1244 et
1446 1177 1528 1245 abiu

350 1285 467 1372 ignem
502 1283 562 1351 tibi
596 1283 824 1352 offerentibus
861 1284 1009 1351 alienum
1050 1284 1283 1352 incendamus.
1339 1281 1413 1352 Sed
1446 1306 1524 1350 cum

350 1413 459 1458 aaron
491 1390 654 1478 pontifice
685 1405 719 1459 et
749 1390 827 1480 filijs
858 1391 933 1459 eius
965 1391 1125 1458 eleazaro
1150 1404 1184 1458 et
1208 1390 1367 1459 itamar0.
1392 1391 1527 1459 hostias

349 1497 409 1566 tibi
433 1498 607 1587 pacificas.
632 1497 742 1566 sancti
773 1497 916 1587 spiritus
945 1499 1111 1567 decoctas
1140 1498 1232 1586 igne.
1257 1497 1439 1565 immolare
1470 1507 1542 1566 va!

350 1607 483 1674 leamus
507 1604 550 1672 Et
575 1628 715 1694 semper
744 1606 899 1673 eiusdem
929 1605 1072 1695 spiritus
1102 1605 1212 1674 sancti
1237 1606 1328 1693 igne.
1354 1605 1443 1673 vicia
1468 1629 1526 1673 no·

350 1726 423 1780 stra
447 1735 521 1781 vre.
552 1714 730 1800 cordaque
763 1714 840 1781 luce
873 1712 1015 1799 scientie
1045 1725 1104 1781 tue
1137 1713 1297 1782 illumina.
1330 1726 1364 1780 et
1394 1713 1527 1781 animas

350 1832 490 1887 nostras
515 1820 632 1888 calore
655 1819 735 1887 fidei
760 1821 924 1888 calescas
972 1819 1009 1887 P.

796 2033 876 2101 Item
900 2035 1087 2102 benedictae.

457 2159 612 2236 Domine
646 2169 733 2236 deus
767 2181 866 2256 pater
901 2168 1134 2256 omnipotens,
1165 2168 1282 2236 lumen
1316 2168 1527 2238 indeficiens,

350 2283 475 2352 exaudi
499 2306 574 2352 nos.
600 2284 680 2372 quia
704 2297 740 2352 tu
764 2307 803 2352 es
828 2285 989 2353 conditor
1014 2285 1167 2352 omnium
1192 2284 1358 2352 luminum
1382 2286 1527 2354 benedic

350 2393 417 2459 hoc
441 2392 555 2459 lumen
581 2393 674 2480 quod
699 2415 719 2459 a
743 2404 777 2460 te
801 2392 1054 2460 sanctificatum
1080 2405 1143 2460 est.
1173 2405 1278 2480 atque
1306 2393 1527 2461 benedictum

350 2498 407 2587 qui
442 2498 638 2566 illuminasti
670 2521 809 2566 omnem
841 2500 1006 2567 mundum
1031 2499 1077 2568 Ut
1108 2502 1152 2566 ab
1182 2523 1224 2568 eo
1256 2500 1384 2568 lumine
1408 2522 1527 2568 accen·

351 2608 474 2675 damur
494 2606 576 2694 igne
596 2606 764 2674 claritatis
784 2619 842 2673 tue
866 2605 909 2673 Et
931 2606 1020 2674 sicut
1043 2606 1240 2675 illuminasti
1260 2606 1343 2695 igne
1367 2629 1526 2695 moysen.

351 2713 397 2782 ita
421 2713 571 2781 illumina
602 2715 711 2781 corda
741 2726 862 2781 nostra
894 2726 928 2780 et
953 2735 1078 2782 sensus
1111 2726 1263 2782 nostros.
1289 2727 1326 2782 vt
1351 2715 1394 2781 ad
1420 2713 1526 2782 vitam

349 2834 504 2889 eternam
531 2821 715 2909 pervenire
740 2843 949 2890 mereamur.
996 2820 1033 2890 Ρ.

761 3035 955 3104 Benedictio
979 3040 1113 3104 dicensi.

458 3163 665 3266 Quesumus
699 3171 921 3260 omnipotens
954 3172 1041 3238 deus
1074 3172 1257 3239 abraham:
1296 3170 1384 3238 deus
1417 3171 1526 3240 isaac:

350 3288 438 3355 deus
462 3286 579 3355 iacob:
604 3287 750 3356 immitte
779 3288 812 3356 in
844 3288 933 3356 hanc
965 3301 1162 3357 creaturam
1194 3287 1323 3355 incensi
1347 3287 1418 3354 vim
1443 3289 1525 3356 odo-

351 3394 400 3463 ris
424 3395 472 3463 tui
497 3407 601 3483 atque
626 3395 807 3464 virtutem:
840 3408 877 3462 vt
908 3395 1022 3463 seruis
1051 3395 1118 3463 tuis
1149 3409 1183 3463 et
1208 3395 1339 3463 ancillis
1363 3395 1397 3462 in
1422 3394 1526 3462 muni·

352 3514 503 3570 mentum
538 3502 592 3570 sit.
629 3504 842 3591 tutelamque
877 3502 1089 3570 defensionis
1124 3502 1178 3570 Ne
1212 3502 1315 3570 intret
1348 3501 1460 3570 hostis
1493 3501 1526 3568 in

351 3609 488 3676 viscera
521 3631 655 3678 eorum.
691 3609 892 3698 aditumque
926 3623 960 3677 et
993 3610 1112 3677 sedem
1147 3609 1277 3676 habere
1311 3632 1379 3677 non
1403 3608 1526 3698 possit.

351 3715 419 3784 Per
454 3729 488 3784 te
524 3716 622 3785 ihesu
658 3717 774 3785 criste.
811 3717 869 3805 qui
905 3729 1073 3784 venturus
1103 3739 1141 3783 es
1171 3715 1323 3785 iudicare
1359 3716 1462 3784 viuos
1492 3728 1526 3783 et

352 3835 510 3892 mortuos

833 4039 913 4106 Item
937 4041 1047 4106 oratii)

458 4165 590 4244 Ueniat
614 4197 804 4264 quesumus
829 4174 968 4242 domine
1000 4174 1086 4242 deus
1110 4197 1217 4263 super
1242 4175 1309 4241 hoc
1334 4173 1526 4241 incensum:

351 4292 453 4379 larga
477 4304 535 4360 tue
559 4292 809 4360 benedictionis
840 4290 977 4359 infusio,
1003 4305 1036 4359 et
1068 4292 1158 4359 hunc
1184 4304 1390 4359 nocturnum
1416 4289 1527 4378 splen·

352 4398 473 4466 dorem
499 4399 678 4468 inuisibilis
713 4410 882 4488 regnator
913 4399 1068 4468 incende.
1101 4413 1139 4467 vt
1167 4422 1235 4466 non
1261 4399 1374 4466 solum
1399 4396 1527 4465 sacrifi·

352 4505 442 4574 cium
467 4508 562 4595 quod
586 4507 617 4574 in
643 4509 707 4576 hac
732 4520 834 4575 nocte
859 4507 991 4574 litatum
1022 4521 1086 4576 est.
1128 4506 1279 4574 archana
1310 4504 1357 4571 tui
1390 4502 1526 4572 luminis
