3534 5392
923 458 967 525 54

466 614 528 694 Tu
552 623 724 691 mandasti
749 624 910 692 mandata
933 636 1007 692 tua:
1033 625 1200 693 custodiri
1225 624 1334 693 nimis

466 742 615 819 Vtinam
639 749 836 837 dirigantur
862 749 917 817 vie
943 773 1032 818 mee:
1064 753 1107 818 ad
1140 751 1386 819 custodiendas
1412 751 1537 839 justifi-

359 869 514 937 cationes
538 880 626 936 tuas.

465 974 573 1055 Tunc
601 1006 669 1050 non
702 982 908 1050 confundar:
943 1006 1019 1050 cum
1054 1007 1273 1073 prospexero
1305 985 1337 1052 in
1372 983 1536 1052 omnibus

360 1102 531 1170 mandatis
555 1100 633 1168 tuis,

466 1208 673 1288 Confitebor
698 1215 758 1283 tibi
782 1215 814 1282 in
839 1215 1030 1283 directione
1061 1216 1193 1284 cordis:
1227 1217 1260 1284 in
1289 1240 1332 1284 eo
1364 1217 1457 1305 quod
1486 1216 1535 1284 di·

359 1335 425 1402 dici
449 1333 573 1402 iudicia
597 1333 731 1400 iusticie
755 1344 824 1400 tue.

466 1444 737 1520 Iustificationes
770 1460 848 1515 tuas
879 1448 1088 1516 custodiam:
1121 1472 1189 1547 non
1224 1473 1290 1517 me.
1311 1451 1534 1537 derelinquas

359 1588 618 1656 usquequaque.

465 1676 508 1752 In
532 1705 602 1771 quo
627 1681 773 1769 corrigit
794 1681 1048 1749 adolescentior
1068 1681 1160 1749 viam
1185 1705 1300 1749 suam:
1325 1682 1357 1749 in
1383 1683 1535 1751 custodi-

360 1802 449 1868 endo
473 1820 655 1866 sermones
679 1810 769 1865 tuos

468 1908 510 1984 In
535 1927 609 1983 toto
643 1914 750 1982 corde
783 1936 861 1981 meo
893 1913 1063 2002 exquisiui
1094 1927 1142 1982 te:
1176 1937 1219 1981 ne
1252 1915 1403 2002 repellas
1433 1937 1488 1982 me
1513 1937 1535 1981 a

361 2031 531 2100 mandatis
556 2031 635 2098 tuis

467 2140 508 2216 In
546 2147 652 2214 corde
689 2168 767 2213 meo
803 2146 969 2213 abscondi
1003 2146 1139 2234 eloquia
1174 2160 1248 2214 tua:
1284 2159 1318 2213 et
1352 2169 1420 2213 non
1454 2169 1534 2234 pec-

361 2288 436 2333 cem
461 2264 530 2332 tibi.
871 2335 873 2342 q

468 2371 686 2449 Benedictus
710 2401 748 2446 es
773 2379 912 2446 domine
935 2379 1023 2445 doce
1048 2401 1103 2445 me
1126 2378 1388 2448 iustificationes
1411 2393 1503 2448 tuas,

467 2498 510 2574 In
535 2504 632 2572 labiis
657 2504 743 2572 meis
767 2504 1008 2592 pronunciaui:
1034 2504 1148 2571 omnia
1173 2503 1297 2573 iudicia
1322 2505 1394 2573 oris
1419 2506 1478 2574 tui.

467 2623 510 2699 In
534 2629 591 2698 via
615 2629 893 2697 testimoniorum
922 2641 1062 2696 tuorum
1093 2629 1284 2697 delectatus
1316 2653 1411 2699 sum:
1445 2631 1537 2699 sicut

360 2749 395 2816 in
419 2747 577 2816 omnibus
602 2745 745 2834 diuicijs

468 2855 510 2931 In
531 2861 702 2930 mandatis
722 2861 790 2929 tuis
810 2862 1019 2929 exercebor:
1044 2874 1078 2929 et
1098 2861 1327 2930 considerabo
1347 2863 1422 2930 vias
1442 2875 1534 2931 tuas,

469 2979 510 3056 In
546 2986 845 3055 iustificationibus
881 2986 947 3055 tuis
984 2986 1194 3055 meditabor:
1236 3010 1305 3054 non
1344 2987 1532 3056 obliviscar

361 3127 543 3172 sermones
568 3116 657 3171 tuos.

470 3211 604 3290 Gloria.

840 3407 1015 3475 Psalmus.
1030 3411 1051 3488 ¹)

468 3531 604 3610 Leuavi
629 3542 750 3609 oculos
774 3564 871 3609 meos
895 3542 929 3609 in
953 3554 1088 3610 montes
1114 3543 1204 3609 vnde
1228 3542 1343 3609 veniet
1366 3542 1531 3611 auxilium

363 3655 476 3726 michi.

467 3766 650 3842 Auxilium
672 3798 786 3842 meum
806 3799 826 3843 a
846 3776 1004 3844 domino:
1029 3776 1087 3864 qui
1104 3775 1184 3844 fecit
1204 3776 1315 3843 celum
1335 3788 1370 3843 et
1389 3788 1530 3843 terram.

468 3889 553 3967 Non
578 3899 635 3966 det
659 3899 692 3966 in
716 3901 984 3970 commotionem
1009 3902 1134 3991 pedem
1166 3914 1277 3969 tuum:
1309 3924 1421 3989 neque
1452 3901 1532 3968 dor·

363 4011 458 4082 mitet
482 4013 540 4103 qui
564 4016 713 4085 custodit
737 4030 781 4085 te.

468 4121 567 4200 Ecce
602 4155 670 4200 non
704 4133 903 4202 dormitabit
941 4156 1054 4222 neque
1091 4134 1254 4202 dormiet:
1288 4134 1345 4223 qui
1381 4133 1533 4202 custodit

362 4245 475 4314 israel.

362 4409 573 4420 ——

470 4477 488 4546 ¹)
509 4478 607 4534 Psalm
629 4495 688 4534 120.
