3534 5392
779 489 823 576 65

213 665 262 734 ris
298 665 345 733 tui
380 665 533 733 anthonii
570 666 625 733 vel
659 665 700 732 N.
736 663 848 732 omnis
881 676 1083 731 sanctorum
1117 662 1323 730 benedicere
1356 674 1390 728 et

213 773 431 842 sanctificare
455 773 612 860 digneris
637 785 833 840 creaturam
852 772 952 839 istam
973 793 1094 859 aquae.
1136 770 1181 836 Vt
1199 793 1219 836 a
1240 791 1391 857 quocun·

214 903 282 968 que
306 880 409 954 fuerit
438 881 626 967 degustata
654 892 708 947 est
737 879 770 946 in
802 901 1010 966 quocunque
1043 878 1121 945 loco
1146 877 1247 944 fuerit
1276 875 1391 964 posita

213 1010 277 1055 seu
313 989 506 1075 deportata.
546 1009 613 1054 non
653 986 804 1053 resideat
843 985 908 1052 illic
944 985 1086 1074 spiritus
1122 983 1287 1072 pestilens
1327 1005 1390 1050 nec

213 1117 299 1162 aura
332 1116 570 1183 corrumpens.
617 1092 690 1161 Sed
720 1116 783 1181 per
809 1093 862 1160 sui
887 1091 1168 1180 degustationem
1194 1093 1250 1158 vel
1274 1113 1391 1178 asper-

214 1201 349 1269 sionem
383 1201 549 1268 sanitates
581 1213 747 1288 operetur
782 1211 816 1267 et
852 1221 1039 1287 corporum
1077 1212 1110 1266 et
1148 1198 1320 1266 mentium.
1357 1210 1391 1265 et

214 1309 281 1375 hoc
306 1309 431 1375 nedum
457 1308 490 1375 in
515 1307 685 1376 creaturis
710 1306 972 1375 rationabilibus
996 1307 1040 1373 ad
1072 1305 1233 1393 imaginis
1263 1317 1321 1372 tue
1350 1305 1391 1372 si-

216 1414 440 1482 militudinem
472 1415 608 1482 creatis.
657 1413 729 1482 Sed
761 1428 795 1481 et
825 1414 856 1480 in
887 1412 1116 1482 animantibus
1148 1412 1281 1481 cunctis
1313 1412 1391 1480 vsui

215 1522 392 1589 hominum
425 1522 606 1610 deputatis.
662 1521 708 1588 Vt
742 1521 938 1609 ubicunque
971 1519 1073 1588 luerit
1107 1521 1301 1608 deportata.
1335 1521 1391 1587 be-

214 1629 364 1696 nedictio
397 1643 456 1697 tua
490 1641 656 1717 sequatur
681 1629 717 1696 ln
748 1628 887 1696 nomine
910 1627 1027 1715 patris¹
1050 1639 1083 1694 et
1107 1627 1165 1695 tilii
1190 1641 1223 1694 et
1247 1625 1391 1715 spiritus

215 1735 325 1804 sancti
349 1736 463 1804 Amen

323 1879 451 1947 Eadem
468 1878 722 1948 Benedictiones
741 1880 900 1946 dicantur
915 1879 957 1945 a'e
980 1887 1097 1945 sancto
1117 1877 1224 1944 blasio
1241 1878 1297 1944 uel
1313 1879 1390 1944 alia

215 1995 342 2053 mutata
374 1989 509 2054 nomine
549 1987 637 2052 Tunc
670 1995 877 2075 aspergatur
899 1987 1077 2073 applicatis
1106 1987 1208 2072 prius
1240 1984 1393 2071 reliquiis

215 2097 327 2161 sancti
347 2093 516 2161 Anthonii
535 2093 638 2160 blasii
658 2102 714 2160 etc.

697 2289 910 2299 *-

607 2518 798 2658 Caput
834 2517 1000 2624 XIV.

265 2751 522 2832 Benedictio
553 2776 668 2851 quae
698 2752 853 2831 dicitur
882 2752 1031 2831 sancti
1061 2751 1295 2837 Johannis.
1313 2750 1338 2848 1)

323 2932 372 3000 Et
393 2931 559 2998 habeatur
570 2941 637 3019 pro
661 2933 738 2997 vino
758 2931 987 2997 benedicendo.
1013 2932 1112 2997 tercio
1136 2931 1190 2996 die
1213 2932 1248 2996 ia
1272 2899 1392 2996 nalali·

215 3039 284 3106 bus*
301 3042 404 3106 cristi.

324 3164 436 3241 DEus
460 3185 559 3260 pater
584 3171 713 3239 domini
746 3171 856 3238 nostri
889 3170 987 3237 ihesu
1019 3170 1122 3238 cristi.
1159 3171 1256 3239 cuius
1281 3173 1391 3239 verbo

216 3288 282 3355 celi
306 3288 432 3357 firmati
455 3301 544 3356 sunt.
569 3287 623 3356 cui
644 3289 758 3355 omnia
782 3287 938 3355 subiecta
962 3299 1050 3354 sunt.
1075 3287 1129 3354 cui
1154 3311 1275 3356 omnes
1300 3310 1392 3355 crea·

216 3407 296 3462 ture
320 3395 529 3464 deseruiunt.
555 3408 589 3463 et
620 3407 777 3484 potestas
809 3395 966 3462 subiecta
998 3407 1061 3463 est.
1087 3395 1206 3462 metuit
1230 3408 1264 3462 et
1289 3418 1391 3483 expa-

216 3501 337 3570 uescit.
384 3502 459 3570 Nos
493 3514 526 3570 te
560 3503 604 3571 ad
635 3501 798 3570 auxilium
830 3514 989 3569 nostrum
1022 3501 1235 3570 inuocamus.
1283 3500 1392 3569 Cuius

216 3609 336 3677 audito
360 3609 514 3677 nomine:
539 3632 685 3699 serpens
715 3609 940 3697 conquiescit.
988 3609 1107 3676 Draco
1137 3608 1236 3695 sugit.
1284 3606 1392 3695 Squa-

216 3707 264 3784 lct
287 3715 419 3804 vipera.
452 3729 485 3784 et
510 3719 632 3785 rubeta
657 3717 713 3784 illa
743 3739 810 3805 que
834 3716 930 3783 buffo
944 3719 966 3798 ²)
1000 3715 1125 3783 dicitur
1149 3715 1300 3803 inquieta
1324 3729 1393 3782 tor-

217 3823 337 3913 pescit.
385 3821 555 3911 Scorpius
589 3823 814 3909 extinguitur.
853 3823 896 3890 Et
930 3824 1100 3911 spalanga
1129 3822 1270 3890 noxium
1291 3822 1393 3890 nichil

324 4090 344 4158 ¹)
366 4089 409 4144 lm
424 4089 482 4144 Rit.
499 4089 586 4143 Rom.
602 4088 673 4142 fehlt
690 4088 772 4142 diese
789 4087 811 4141 F
814 4087 917 4156 ormel,
935 4087 974 4141 im
991 4088 1153 4158 Appendix
1169 4089 1215 4142 ad.
1231 4088 1288 4143 Rit.
1304 4088 1390 4143 Rom.

217 4199 245 4252 p.
264 4197 299 4250 32
318 4196 362 4249 sq.
382 4179 420 4233 ist
443 4178 575 4233 dieselbe
599 4178 717 4232 anders.
756 4177 798 4231 lm
822 4177 880 4231 Rit.
900 4175 1161 4247 Monaco-Frising.
1181 4194 1208 4247 p.
1229 4178 1283 4247 238
1300 4177 1393 4231 findet

216 4269 279 4324 sich
302 4270 356 4323 das
380 4276 459 4323 erste
484 4267 594 4332 Gebet‚
620 4267 668 4321 die
692 4268 803 4321 andern
826 4266 911 4320 nicht.
949 4266 1004 4321 Die
1029 4267 1155 4337 Agenda
1179 4265 1267 4322 Mind.
1292 4266 1338 4321 fol.
1357 4284 1393 4336 92

217 4376 306 4413 verso
326 4358 377 4412 hat
396 4357 442 4411 ein
461 4356 582 4427 eigenes
602 4356 764 4411 Formular.

325 4447 344 4514 ²)
364 4446 456 4515 buffo,
484 4445 534 4500 frz.
564 4445 693 4515 crapaud
716 4470 744 4488 ε
767 4445 873 4514 Krdte,
900 4445 1053 4516 spalangia
1073 4471 1098 4488 =
1117 4461 1246 4499 araneae
1276 4444 1393 4514 species

216 4536 293 4590 nach
312 4536 359 4591 Du
380 4535 489 4606 Cange,
510 4534 693 4590 Glossarium
715 4543 768 4590 etc.
