<?xml version="1.0" encoding="UTF-8"?>
<!DOCTYPE html PUBLIC "-//W3C//DTD XHTML 1.0 Transitional//EN"
    "http://www.w3.org/TR/xhtml1/DTD/xhtml1-transitional.dtd">
<html xmlns="http://www.w3.org/1999/xhtml" xml:lang="en" lang="en">
 <head>
  <title>
</title>
<meta http-equiv="Content-Type" content="text/html;charset=utf-8" />
  <meta name='ocr-system' content='tesseract 3.04.00' />
  <meta name='ocr-capabilities' content='ocr_page ocr_carea ocr_par ocr_line ocrx_word'/>
</head>
<body>
  <div class='ocr_page' id='page_1' title='image "./manualecuratoru00freigoog_0050.png"; bbox 0 0 3570 5402; ppageno 0'>
   <div class='ocr_carea' id='block_1_1' title="bbox 846 473 869 539">
    <p class='ocr_par' dir='ltr' id='par_1_1' title="bbox 846 473 869 539">
     <span class='ocr_line' id='line_1_1' title="bbox 846 473 869 539; baseline 0 0"><span class='ocrx_word' id='word_1_1' title='bbox 846 473 869 539; x_wconf 92' lang='lat'>9</span> 
     </span>
    </p>
   </div>
   <div class='ocr_carea' id='block_1_2' title="bbox 272 629 1500 1344">
    <p class='ocr_par' dir='ltr' id='par_1_2' title="bbox 272 629 1500 1344">
     <span class='ocr_line' id='line_1_2' title="bbox 272 629 1450 722; baseline -0.003 -20"><span class='ocrx_word' id='word_1_2' title='bbox 272 634 314 702; x_wconf 93' lang='lat' dir='ltr'>N.</span> <span class='ocrx_word' id='word_1_3' title='bbox 340 633 518 722; x_wconf 85' lang='lat' dir='ltr'>respicere</span> <span class='ocrx_word' id='word_1_4' title='bbox 551 631 708 719; x_wconf 89' lang='lat' dir='ltr'>digneris</span> <span class='ocrx_word' id='word_1_5' title='bbox 744 642 778 698; x_wconf 92' lang='lat' dir='ltr'>et</span> <span class='ocrx_word' id='word_1_6' title='bbox 809 631 877 699; x_wconf 89' lang='lat' dir='ltr'>hoc</span> <span class='ocrx_word' id='word_1_7' title='bbox 907 629 1058 719; x_wconf 93' lang='lat' dir='ltr'>primum</span> <span class='ocrx_word' id='word_1_8' title='bbox 1087 631 1252 719; x_wconf 91' lang='lat' dir='ltr'>pabulum</span> <span class='ocrx_word' id='word_1_9' title='bbox 1282 629 1364 699; x_wconf 92' lang='lat' dir='ltr'>salis</span> <span class='ocrx_word' id='word_1_10' title='bbox 1389 654 1450 719; x_wconf 88' lang='lat' dir='ltr'>gu·</span> 
     </span>
     <span class='ocr_line' id='line_1_3' title="bbox 273 737 1451 827; baseline -0.005 -17"><span class='ocrx_word' id='word_1_11' title='bbox 273 752 422 810; x_wconf 90' lang='lat' dir='ltr'>stantem</span> <span class='ocrx_word' id='word_1_12' title='bbox 447 762 516 807; x_wconf 92' lang='lat' dir='ltr'>non</span> <span class='ocrx_word' id='word_1_13' title='bbox 541 738 668 806; x_wconf 92' lang='lat' dir='ltr'>diutius</span> <span class='ocrx_word' id='word_1_14' title='bbox 688 737 823 806; x_wconf 90' lang='lat' dir='ltr'>esurire</span> <span class='ocrx_word' id='word_1_15' title='bbox 842 737 1035 826; x_wconf 81' lang='lat' dir='ltr'>permittas</span> <span class='ocrx_word' id='word_1_16' title='bbox 1060 738 1246 825; x_wconf 89' lang='lat' dir='ltr'>quominus</span> <span class='ocrx_word' id='word_1_17' title='bbox 1270 739 1451 827; x_wconf 84' lang='lat' dir='ltr'>expleatur</span> 
     </span>
     <span class='ocr_line' id='line_1_4' title="bbox 274 844 1450 934; baseline -0.003 -19"><span class='ocrx_word' id='word_1_18' title='bbox 274 847 393 916; x_wconf 87' lang='lat' dir='ltr'><strong>celesti</strong></span> <span class='ocrx_word' id='word_1_19' title='bbox 426 846 515 915; x_wconf 90' lang='lat' dir='ltr'>cibo.</span> <span class='ocrx_word' id='word_1_20' title='bbox 549 845 709 934; x_wconf 87' lang='lat' dir='ltr'>quatinus</span> <span class='ocrx_word' id='word_1_21' title='bbox 739 845 783 913; x_wconf 92' lang='lat' dir='ltr'>sit</span> <span class='ocrx_word' id='word_1_22' title='bbox 813 867 954 934; x_wconf 87' lang='lat' dir='ltr'>semper</span> <span class='ocrx_word' id='word_1_23' title='bbox 984 845 1122 913; x_wconf 91' lang='lat' dir='ltr'>domino</span> <span class='ocrx_word' id='word_1_24' title='bbox 1156 844 1278 934; x_wconf 93' lang='lat' dir='ltr'>spiritu</span> <span class='ocrx_word' id='word_1_25' title='bbox 1309 845 1450 913; x_wconf 88' lang='lat' dir='ltr'>fervens</span> 
     </span>
     <span class='ocr_line' id='line_1_5' title="bbox 274 952 1451 1043; baseline -0.001 -21"><span class='ocrx_word' id='word_1_26' title='bbox 274 977 336 1043; x_wconf 91' lang='lat' dir='ltr'>spe</span> <span class='ocrx_word' id='word_1_27' title='bbox 361 954 530 1042; x_wconf 88' lang='lat' dir='ltr'>gaudens.</span> <span class='ocrx_word' id='word_1_28' title='bbox 555 965 615 1021; x_wconf 94' lang='lat' dir='ltr'>tuo</span> <span class='ocrx_word' id='word_1_29' title='bbox 642 952 771 1020; x_wconf 92' lang='lat' dir='ltr'>nomini</span> <span class='ocrx_word' id='word_1_30' title='bbox 795 952 965 1020; x_wconf 90' lang='lat' dir='ltr'>seruiens.</span> <span class='ocrx_word' id='word_1_31' title='bbox 992 964 1026 1020; x_wconf 92' lang='lat' dir='ltr'>et</span> <span class='ocrx_word' id='word_1_32' title='bbox 1050 953 1182 1041; x_wconf 91' lang='lat' dir='ltr'>perduc</span> <span class='ocrx_word' id='word_1_33' title='bbox 1207 975 1287 1020; x_wconf 93' lang='lat' dir='ltr'>eum</span> <span class='ocrx_word' id='word_1_34' title='bbox 1311 953 1451 1021; x_wconf 94' lang='lat' dir='ltr'>domine</span> 
     </span>
     <span class='ocr_line' id='line_1_6' title="bbox 274 1059 1500 1156; baseline -0.001 -27"><span class='ocrx_word' id='word_1_35' title='bbox 274 1062 317 1130; x_wconf 87' lang='lat' dir='ltr'>ad</span> <span class='ocrx_word' id='word_1_36' title='bbox 342 1084 432 1128; x_wconf 93' lang='lat' dir='ltr'>noue</span> <span class='ocrx_word' id='word_1_37' title='bbox 460 1060 739 1156; x_wconf 76' lang='lat' dir='ltr'>regenerationis</span> <span class='ocrx_word' id='word_1_38' title='bbox 768 1060 956 1128; x_wconf 91' lang='lat' dir='ltr'>lavacrum.</span> <span class='ocrx_word' id='word_1_39' title='bbox 1003 1059 1050 1128; x_wconf 92' lang='lat' dir='ltr'>Ut</span> <span class='ocrx_word' id='word_1_40' title='bbox 1081 1082 1159 1127; x_wconf 88' lang='lat' dir='ltr'>cum</span> <span class='ocrx_word' id='word_1_41' title='bbox 1189 1060 1349 1128; x_wconf 88' lang='lat' dir='ltr'>fidelibus</span> <span class='ocrx_word' id='word_1_42' title='bbox 1382 1059 1450 1128; x_wconf 92' lang='lat' dir='ltr'>tuis</span> <span class='ocrx_word' id='word_1_43' title='bbox 1498 1137 1500 1144; x_wconf 14' lang='lat' dir='ltr'>y</span> 
     </span>
     <span class='ocr_line' id='line_1_7' title="bbox 274 1166 1449 1257; baseline 0 -21"><span class='ocrx_word' id='word_1_44' title='bbox 274 1168 545 1257; x_wconf 88' lang='lat' dir='ltr'>promissionum</span> <span class='ocrx_word' id='word_1_45' title='bbox 584 1180 721 1235; x_wconf 92' lang='lat' dir='ltr'>tuarum</span> <span class='ocrx_word' id='word_1_46' title='bbox 755 1166 889 1256; x_wconf 87' lang='lat' dir='ltr'>premia</span> <span class='ocrx_word' id='word_1_47' title='bbox 918 1180 1038 1235; x_wconf 92' lang='lat' dir='ltr'>eterna</span> <span class='ocrx_word' id='word_1_48' title='bbox 1067 1166 1234 1255; x_wconf 84' lang='lat' dir='ltr'>consequi</span> <span class='ocrx_word' id='word_1_49' title='bbox 1263 1181 1449 1236; x_wconf 87' lang='lat' dir='ltr'>mereatur.</span> 
     </span>
     <span class='ocr_line' id='line_1_8' title="bbox 274 1275 519 1344; baseline -0.004 0"><span class='ocrx_word' id='word_1_50' title='bbox 274 1277 341 1344; x_wconf 90' lang='lat' dir='ltr'>Per</span> <span class='ocrx_word' id='word_1_51' title='bbox 366 1275 519 1343; x_wconf 86' lang='lat' dir='ltr'>eristum.</span> 
     </span>
    </p>
   </div>
   <div class='ocr_carea' id='block_1_3' title="bbox 552 1417 1183 1507">
    <p class='ocr_par' dir='ltr' id='par_1_3' title="bbox 552 1417 1183 1507">
     <span class='ocr_line' id='line_1_9' title="bbox 552 1417 1183 1507; baseline 0 -21"><span class='ocrx_word' id='word_1_52' title='bbox 552 1417 666 1507; x_wconf 83' lang='lat' dir='ltr'>Super</span> <span class='ocrx_word' id='word_1_53' title='bbox 688 1418 878 1485; x_wconf 81' lang='lat' dir='ltr'>masculum</span> <span class='ocrx_word' id='word_1_54' title='bbox 902 1419 1145 1486; x_wconf 84' lang='lat' dir='ltr'>tantummodo.</span> <span class='ocrx_word' id='word_1_55' title='bbox 1160 1421 1183 1500; x_wconf 84' lang='lat'>¹)</span> 
     </span>
    </p>
   </div>
   <div class='ocr_carea' id='block_1_4' title="bbox 380 1535 1451 1632">
    <p class='ocr_par' dir='ltr' id='par_1_4' title="bbox 380 1535 1451 1632">
     <span class='ocr_line' id='line_1_10' title="bbox 380 1535 1451 1632; baseline -0.003 -18"><span class='ocrx_word' id='word_1_56' title='bbox 380 1535 483 1614; x_wconf 90' lang='lat' dir='ltr'>Deus</span> <span class='ocrx_word' id='word_1_57' title='bbox 503 1543 695 1612; x_wconf 86' lang='lat' dir='ltr'>Abraham.</span> <span class='ocrx_word' id='word_1_58' title='bbox 716 1543 803 1611; x_wconf 93' lang='lat' dir='ltr'>deus</span> <span class='ocrx_word' id='word_1_59' title='bbox 822 1543 927 1610; x_wconf 88' lang='lat' dir='ltr'>isaac.</span> <span class='ocrx_word' id='word_1_60' title='bbox 948 1543 1035 1611; x_wconf 93' lang='lat' dir='ltr'>deus</span> <span class='ocrx_word' id='word_1_61' title='bbox 1056 1543 1175 1630; x_wconf 79' lang='lat' dir='ltr'>jacob.</span> <span class='ocrx_word' id='word_1_62' title='bbox 1196 1544 1283 1612; x_wconf 90' lang='lat' dir='ltr'>deus</span> <span class='ocrx_word' id='word_1_63' title='bbox 1303 1542 1360 1632; x_wconf 93' lang='lat' dir='ltr'>qui</span> <span class='ocrx_word' id='word_1_64' title='bbox 1380 1566 1451 1611; x_wconf 94' lang='lat' dir='ltr'>mo·</span> 
     </span>
    </p>
   </div>
   <div class='ocr_carea' id='block_1_5' title="bbox 272 1658 1451 2283">
    <p class='ocr_par' dir='ltr' id='par_1_5' title="bbox 272 1658 1451 2283">
     <span class='ocr_line' id='line_1_11' title="bbox 273 1658 1451 1749; baseline -0.002 -21"><span class='ocrx_word' id='word_1_65' title='bbox 273 1661 328 1749; x_wconf 92' lang='lat' dir='ltr'>ysi</span> <span class='ocrx_word' id='word_1_66' title='bbox 353 1660 482 1728; x_wconf 92' lang='lat' dir='ltr'>famulo</span> <span class='ocrx_word' id='word_1_67' title='bbox 517 1673 576 1727; x_wconf 93' lang='lat' dir='ltr'>tuo</span> <span class='ocrx_word' id='word_1_68' title='bbox 601 1659 634 1726; x_wconf 93' lang='lat' dir='ltr'>in</span> <span class='ocrx_word' id='word_1_69' title='bbox 671 1672 789 1727; x_wconf 90' lang='lat' dir='ltr'>monte</span> <span class='ocrx_word' id='word_1_70' title='bbox 821 1658 907 1728; x_wconf 91' lang='lat' dir='ltr'>sinai</span> <span class='ocrx_word' id='word_1_71' title='bbox 938 1660 1140 1749; x_wconf 83' lang='lat' dir='ltr'>apparuisti.</span> <span class='ocrx_word' id='word_1_72' title='bbox 1165 1672 1199 1728; x_wconf 92' lang='lat' dir='ltr'>et</span> <span class='ocrx_word' id='word_1_73' title='bbox 1225 1660 1315 1728; x_wconf 90' lang='lat' dir='ltr'>filios</span> <span class='ocrx_word' id='word_1_74' title='bbox 1346 1660 1451 1728; x_wconf 92' lang='lat' dir='ltr'>israel</span> 
     </span>
     <span class='ocr_line' id='line_1_12' title="bbox 273 1766 1450 1856; baseline -0.003 -21"><span class='ocrx_word' id='word_1_75' title='bbox 273 1769 316 1835; x_wconf 93' lang='lat' dir='ltr'>de</span> <span class='ocrx_word' id='word_1_76' title='bbox 337 1780 433 1835; x_wconf 91' lang='lat' dir='ltr'>terra</span> <span class='ocrx_word' id='word_1_77' title='bbox 453 1766 563 1856; x_wconf 88' lang='lat' dir='ltr'>egipti</span> <span class='ocrx_word' id='word_1_78' title='bbox 585 1767 744 1834; x_wconf 85' lang='lat' dir='ltr'>eduxisti.</span> <span class='ocrx_word' id='word_1_79' title='bbox 770 1767 939 1856; x_wconf 90' lang='lat' dir='ltr'>deputans</span> <span class='ocrx_word' id='word_1_80' title='bbox 964 1767 1014 1835; x_wconf 93' lang='lat' dir='ltr'>eis</span> <span class='ocrx_word' id='word_1_81' title='bbox 1034 1768 1198 1855; x_wconf 85' lang='lat' dir='ltr'>angelum</span> <span class='ocrx_word' id='word_1_82' title='bbox 1222 1767 1358 1856; x_wconf 90' lang='lat' dir='ltr'>pietatis</span> <span class='ocrx_word' id='word_1_83' title='bbox 1383 1780 1450 1835; x_wconf 89' lang='lat' dir='ltr'>tue.</span> 
     </span>
     <span class='ocr_line' id='line_1_13' title="bbox 274 1873 1451 1963; baseline 0.001 -22"><span class='ocrx_word' id='word_1_84' title='bbox 274 1875 331 1963; x_wconf 94' lang='lat' dir='ltr'>qui</span> <span class='ocrx_word' id='word_1_85' title='bbox 356 1873 547 1941; x_wconf 87' lang='lat' dir='ltr'>custodiret</span> <span class='ocrx_word' id='word_1_86' title='bbox 572 1897 633 1941; x_wconf 91' lang='lat' dir='ltr'>eos</span> <span class='ocrx_word' id='word_1_87' title='bbox 664 1874 719 1940; x_wconf 94' lang='lat' dir='ltr'>die</span> <span class='ocrx_word' id='word_1_88' title='bbox 751 1896 791 1941; x_wconf 91' lang='lat' dir='ltr'>ac</span> <span class='ocrx_word' id='word_1_89' title='bbox 823 1887 926 1942; x_wconf 88' lang='lat' dir='ltr'>nocte</span> <span class='ocrx_word' id='word_1_90' title='bbox 950 1874 1004 1942; x_wconf 90' lang='lat' dir='ltr'>Te</span> <span class='ocrx_word' id='word_1_91' title='bbox 1036 1897 1226 1963; x_wconf 93' lang='lat' dir='ltr'>quesumus</span> <span class='ocrx_word' id='word_1_92' title='bbox 1250 1875 1390 1942; x_wconf 90' lang='lat' dir='ltr'>domine</span> <span class='ocrx_word' id='word_1_93' title='bbox 1413 1888 1451 1942; x_wconf 92' lang='lat' dir='ltr'>ut</span> 
     </span>
     <span class='ocr_line' id='line_1_14' title="bbox 274 1981 1450 2068; baseline 0.002 -20"><span class='ocrx_word' id='word_1_94' title='bbox 274 1981 411 2048; x_wconf 90' lang='lat' dir='ltr'>mittere</span> <span class='ocrx_word' id='word_1_95' title='bbox 445 1981 601 2068; x_wconf 89' lang='lat' dir='ltr'>digneris</span> <span class='ocrx_word' id='word_1_96' title='bbox 637 1993 793 2049; x_wconf 91' lang='lat' dir='ltr'>sanctum</span> <span class='ocrx_word' id='word_1_97' title='bbox 828 1981 993 2068; x_wconf 88' lang='lat' dir='ltr'>angelum</span> <span class='ocrx_word' id='word_1_98' title='bbox 1024 1994 1121 2049; x_wconf 92' lang='lat' dir='ltr'>tuum</span> <span class='ocrx_word' id='word_1_99' title='bbox 1153 1993 1190 2049; x_wconf 92' lang='lat' dir='ltr'>ut</span> <span class='ocrx_word' id='word_1_100' title='bbox 1214 1981 1370 2051; x_wconf 91' lang='lat' dir='ltr'>similiter</span> <span class='ocrx_word' id='word_1_101' title='bbox 1394 2005 1450 2050; x_wconf 92' lang='lat' dir='ltr'>cu·</span> 
     </span>
     <span class='ocr_line' id='line_1_15' title="bbox 274 2087 1449 2177; baseline 0 -21"><span class='ocrx_word' id='word_1_102' title='bbox 274 2089 402 2156; x_wconf 90' lang='lat' dir='ltr'>stodiat</span> <span class='ocrx_word' id='word_1_103' title='bbox 435 2100 469 2155; x_wconf 86' lang='lat' dir='ltr'>et</span> <span class='ocrx_word' id='word_1_104' title='bbox 502 2087 592 2155; x_wconf 89' lang='lat' dir='ltr'>hunc</span> <span class='ocrx_word' id='word_1_105' title='bbox 627 2087 791 2155; x_wconf 92' lang='lat' dir='ltr'>famulum</span> <span class='ocrx_word' id='word_1_106' title='bbox 825 2100 922 2156; x_wconf 92' lang='lat' dir='ltr'>tuum</span> <span class='ocrx_word' id='word_1_107' title='bbox 947 2088 987 2156; x_wconf 90' lang='lat' dir='ltr'>N.</span> <span class='ocrx_word' id='word_1_108' title='bbox 1024 2101 1057 2157; x_wconf 90' lang='lat' dir='ltr'>et</span> <span class='ocrx_word' id='word_1_109' title='bbox 1090 2089 1258 2177; x_wconf 90' lang='lat' dir='ltr'>perducat</span> <span class='ocrx_word' id='word_1_110' title='bbox 1292 2112 1370 2157; x_wconf 92' lang='lat' dir='ltr'>eum</span> <span class='ocrx_word' id='word_1_111' title='bbox 1405 2089 1449 2156; x_wconf 90' lang='lat' dir='ltr'>ad</span> 
     </span>
     <span class='ocr_line' id='line_1_16' title="bbox 272 2195 926 2283; baseline 0.003 -22"><span class='ocrx_word' id='word_1_112' title='bbox 272 2195 423 2282; x_wconf 88' lang='lat' dir='ltr'>gratiam</span> <span class='ocrx_word' id='word_1_113' title='bbox 448 2195 609 2283; x_wconf 91' lang='lat' dir='ltr'>baptismi</span> <span class='ocrx_word' id='word_1_114' title='bbox 633 2195 692 2263; x_wconf 91' lang='lat' dir='ltr'>tui.</span> <span class='ocrx_word' id='word_1_115' title='bbox 739 2195 808 2263; x_wconf 91' lang='lat' dir='ltr'>Per</span> <span class='ocrx_word' id='word_1_116' title='bbox 833 2195 926 2264; x_wconf 88' lang='lat' dir='ltr'>crist.</span> 
     </span>
    </p>
   </div>
   <div class='ocr_carea' id='block_1_6' title="bbox 700 2346 1024 2437">
    <p class='ocr_par' dir='ltr' id='par_1_6' title="bbox 700 2346 1024 2437">
     <span class='ocr_line' id='line_1_17' title="bbox 700 2346 1024 2437; baseline -0.006 -21"><span class='ocrx_word' id='word_1_117' title='bbox 700 2346 812 2435; x_wconf 78' lang='lat' dir='ltr'>Super</span> <span class='ocrx_word' id='word_1_118' title='bbox 835 2357 1024 2437; x_wconf 84' lang='lat' dir='ltr'>utrumque.</span> 
     </span>
    </p>
   </div>
   <div class='ocr_carea' id='block_1_7' title="bbox 379 2472 1451 2569">
    <p class='ocr_par' dir='ltr' id='par_1_7' title="bbox 379 2472 1451 2569">
     <span class='ocr_line' id='line_1_18' title="bbox 379 2472 1451 2569; baseline 0 -19"><span class='ocrx_word' id='word_1_119' title='bbox 379 2472 486 2568; x_wconf 87' lang='lat' dir='ltr'>Ergo</span> <span class='ocrx_word' id='word_1_120' title='bbox 512 2481 693 2549; x_wconf 93' lang='lat' dir='ltr'>maledicte</span> <span class='ocrx_word' id='word_1_121' title='bbox 719 2481 856 2549; x_wconf 88' lang='lat' dir='ltr'>diabole</span> <span class='ocrx_word' id='word_1_122' title='bbox 879 2504 1098 2569; x_wconf 88' lang='lat' dir='ltr'>recognosce</span> <span class='ocrx_word' id='word_1_123' title='bbox 1127 2482 1331 2551; x_wconf 93' lang='lat' dir='ltr'>sententiam</span> <span class='ocrx_word' id='word_1_124' title='bbox 1355 2495 1451 2550; x_wconf 91' lang='lat' dir='ltr'>tuam</span> 
     </span>
    </p>
   </div>
   <div class='ocr_carea' id='block_1_8' title="bbox 271 2597 1450 3331">
    <p class='ocr_par' dir='ltr' id='par_1_8' title="bbox 271 2597 1450 3331">
     <span class='ocr_line' id='line_1_19' title="bbox 271 2597 1450 2666; baseline 0 -2"><span class='ocrx_word' id='word_1_125' title='bbox 271 2610 304 2664; x_wconf 92' lang='lat' dir='ltr'>et</span> <span class='ocrx_word' id='word_1_126' title='bbox 325 2598 368 2664; x_wconf 88' lang='lat' dir='ltr'>da</span> <span class='ocrx_word' id='word_1_127' title='bbox 389 2598 558 2665; x_wconf 90' lang='lat' dir='ltr'>honorem</span> <span class='ocrx_word' id='word_1_128' title='bbox 579 2599 645 2665; x_wconf 94' lang='lat' dir='ltr'>deo</span> <span class='ocrx_word' id='word_1_129' title='bbox 666 2597 749 2665; x_wconf 93' lang='lat' dir='ltr'>viuo</span> <span class='ocrx_word' id='word_1_130' title='bbox 773 2611 807 2665; x_wconf 92' lang='lat' dir='ltr'>et</span> <span class='ocrx_word' id='word_1_131' title='bbox 832 2621 919 2665; x_wconf 92' lang='lat' dir='ltr'>vero</span> <span class='ocrx_word' id='word_1_132' title='bbox 944 2612 978 2665; x_wconf 92' lang='lat' dir='ltr'>et</span> <span class='ocrx_word' id='word_1_133' title='bbox 1002 2597 1046 2664; x_wconf 91' lang='lat' dir='ltr'>da</span> <span class='ocrx_word' id='word_1_134' title='bbox 1070 2599 1240 2666; x_wconf 91' lang='lat' dir='ltr'>honorem</span> <span class='ocrx_word' id='word_1_135' title='bbox 1266 2598 1363 2666; x_wconf 92' lang='lat' dir='ltr'>ihesu</span> <span class='ocrx_word' id='word_1_136' title='bbox 1388 2598 1450 2665; x_wconf 90' lang='lat' dir='ltr'>cri·</span> 
     </span>
     <span class='ocr_line' id='line_1_20' title="bbox 272 2704 1447 2795; baseline 0.002 -24"><span class='ocrx_word' id='word_1_137' title='bbox 272 2716 327 2771; x_wconf 93' lang='lat' dir='ltr'>sto</span> <span class='ocrx_word' id='word_1_138' title='bbox 351 2704 421 2772; x_wconf 90' lang='lat' dir='ltr'>filio</span> <span class='ocrx_word' id='word_1_139' title='bbox 456 2704 530 2772; x_wconf 91' lang='lat' dir='ltr'>eius</span> <span class='ocrx_word' id='word_1_140' title='bbox 554 2717 588 2773; x_wconf 92' lang='lat' dir='ltr'>et</span> <span class='ocrx_word' id='word_1_141' title='bbox 622 2705 757 2795; x_wconf 92' lang='lat' dir='ltr'>spiritui</span> <span class='ocrx_word' id='word_1_142' title='bbox 789 2718 920 2774; x_wconf 90' lang='lat' dir='ltr'>sancto.</span> <span class='ocrx_word' id='word_1_143' title='bbox 945 2706 976 2773; x_wconf 94' lang='lat' dir='ltr'>ei</span> <span class='ocrx_word' id='word_1_144' title='bbox 1000 2705 1126 2774; x_wconf 90' lang='lat' dir='ltr'>recede</span> <span class='ocrx_word' id='word_1_145' title='bbox 1160 2707 1294 2773; x_wconf 92' lang='lat' dir='ltr'>abhoc</span> <span class='ocrx_word' id='word_1_146' title='bbox 1319 2706 1447 2774; x_wconf 91' lang='lat' dir='ltr'>famulo</span> 
     </span>
     <span class='ocr_line' id='line_1_21' title="bbox 273 2811 1449 2900; baseline 0.002 -22"><span class='ocrx_word' id='word_1_147' title='bbox 273 2811 328 2879; x_wconf 92' lang='lat' dir='ltr'>dei</span> <span class='ocrx_word' id='word_1_148' title='bbox 353 2812 395 2878; x_wconf 95' lang='lat' dir='ltr'>N.</span> <span class='ocrx_word' id='word_1_149' title='bbox 421 2812 500 2900; x_wconf 94' lang='lat' dir='ltr'>quia</span> <span class='ocrx_word' id='word_1_150' title='bbox 525 2812 628 2880; x_wconf 90' lang='lat' dir='ltr'>istum</span> <span class='ocrx_word' id='word_1_151' title='bbox 653 2812 718 2879; x_wconf 90' lang='lat' dir='ltr'>sibi</span> <span class='ocrx_word' id='word_1_152' title='bbox 743 2813 903 2880; x_wconf 92' lang='lat' dir='ltr'>dominus</span> <span class='ocrx_word' id='word_1_153' title='bbox 928 2813 1014 2880; x_wconf 91' lang='lat' dir='ltr'>deus</span> <span class='ocrx_word' id='word_1_154' title='bbox 1034 2825 1154 2880; x_wconf 92' lang='lat' dir='ltr'>noster</span> <span class='ocrx_word' id='word_1_155' title='bbox 1178 2813 1295 2880; x_wconf 85' lang='lat' dir='ltr'>ihesus</span> <span class='ocrx_word' id='word_1_156' title='bbox 1321 2813 1449 2881; x_wconf 92' lang='lat' dir='ltr'>cristus</span> 
     </span>
     <span class='ocr_line' id='line_1_22' title="bbox 272 2918 1450 3008; baseline 0.001 -23"><span class='ocrx_word' id='word_1_157' title='bbox 272 2918 316 2985; x_wconf 88' lang='lat' dir='ltr'>ad</span> <span class='ocrx_word' id='word_1_158' title='bbox 350 2941 446 2986; x_wconf 91' lang='lat' dir='ltr'>suam</span> <span class='ocrx_word' id='word_1_159' title='bbox 482 2931 638 2986; x_wconf 88' lang='lat' dir='ltr'>sanctam</span> <span class='ocrx_word' id='word_1_160' title='bbox 672 2920 824 3006; x_wconf 90' lang='lat' dir='ltr'>gratiam</span> <span class='ocrx_word' id='word_1_161' title='bbox 858 2932 891 2986; x_wconf 92' lang='lat' dir='ltr'>et</span> <span class='ocrx_word' id='word_1_162' title='bbox 925 2920 1212 2989; x_wconf 91' lang='lat' dir='ltr'>benedictionem.</span> <span class='ocrx_word' id='word_1_163' title='bbox 1248 2920 1450 3008; x_wconf 85' lang='lat' dir='ltr'>fontemque</span> 
     </span>
     <span class='ocr_line' id='line_1_23' title="bbox 272 3025 1450 3115; baseline 0 -23"><span class='ocrx_word' id='word_1_164' title='bbox 272 3025 498 3113; x_wconf 89' lang='lat' dir='ltr'>baptismatis.</span> <span class='ocrx_word' id='word_1_165' title='bbox 525 3027 617 3093; x_wconf 92' lang='lat' dir='ltr'>dono</span> <span class='ocrx_word' id='word_1_166' title='bbox 642 3026 752 3094; x_wconf 89' lang='lat' dir='ltr'>sancti</span> <span class='ocrx_word' id='word_1_167' title='bbox 777 3026 930 3114; x_wconf 92' lang='lat' dir='ltr'>spiritus.</span> <span class='ocrx_word' id='word_1_168' title='bbox 955 3050 1085 3095; x_wconf 90' lang='lat' dir='ltr'>vocare</span> <span class='ocrx_word' id='word_1_169' title='bbox 1117 3028 1280 3115; x_wconf 91' lang='lat' dir='ltr'>dignatus</span> <span class='ocrx_word' id='word_1_170' title='bbox 1312 3041 1382 3095; x_wconf 90' lang='lat' dir='ltr'>est:</span> <span class='ocrx_word' id='word_1_171' title='bbox 1416 3038 1450 3093; x_wconf 92' lang='lat' dir='ltr'>et</span> 
     </span>
     <span class='ocr_line' id='line_1_24' title="bbox 272 3133 1449 3223; baseline 0.003 -24"><span class='ocrx_word' id='word_1_172' title='bbox 272 3133 338 3200; x_wconf 91' lang='lat' dir='ltr'>hoc</span> <span class='ocrx_word' id='word_1_173' title='bbox 372 3133 511 3221; x_wconf 86' lang='lat' dir='ltr'>signum</span> <span class='ocrx_word' id='word_1_174' title='bbox 545 3145 665 3202; x_wconf 90' lang='lat' dir='ltr'>sancte</span> <span class='ocrx_word' id='word_1_175' title='bbox 700 3135 813 3202; x_wconf 91' lang='lat' dir='ltr'>crucis</span> <span class='ocrx_word' id='word_1_176' title='bbox 846 3135 939 3223; x_wconf 93' lang='lat' dir='ltr'>quod</span> <span class='ocrx_word' id='word_1_177' title='bbox 964 3158 1028 3216; x_wconf 85' lang='lat' dir='ltr'>nos</span> <span class='ocrx_word' id='word_1_178' title='bbox 1054 3135 1158 3202; x_wconf 91' lang='lat' dir='ltr'>fronti</span> <span class='ocrx_word' id='word_1_179' title='bbox 1189 3134 1264 3202; x_wconf 94' lang='lat' dir='ltr'>eius</span> <span class='ocrx_word' id='word_1_180' title='bbox 1290 3135 1449 3216; x_wconf 80' lang='lat' dir='ltr'>damus†</span> 
     </span>
     <span class='ocr_line' id='line_1_25' title="bbox 272 3241 1393 3331; baseline 0.002 -24"><span class='ocrx_word' id='word_1_181' title='bbox 272 3253 309 3307; x_wconf 91' lang='lat' dir='ltr'>tu</span> <span class='ocrx_word' id='word_1_182' title='bbox 335 3241 515 3309; x_wconf 91' lang='lat' dir='ltr'>maledicte</span> <span class='ocrx_word' id='word_1_183' title='bbox 539 3242 676 3309; x_wconf 91' lang='lat' dir='ltr'>diabole</span> <span class='ocrx_word' id='word_1_184' title='bbox 700 3265 876 3330; x_wconf 90' lang='lat' dir='ltr'>nunquam</span> <span class='ocrx_word' id='word_1_185' title='bbox 900 3243 1030 3310; x_wconf 93' lang='lat' dir='ltr'>audeas</span> <span class='ocrx_word' id='word_1_186' title='bbox 1055 3242 1188 3310; x_wconf 89' lang='lat' dir='ltr'>violare</span> <span class='ocrx_word' id='word_1_187' title='bbox 1212 3265 1275 3331; x_wconf 90' lang='lat' dir='ltr'>per</span> <span class='ocrx_word' id='word_1_188' title='bbox 1301 3242 1393 3309; x_wconf 89' lang='lat' dir='ltr'>crist.</span> 
     </span>
    </p>
   </div>
   <div class='ocr_carea' id='block_1_9' title="bbox 687 3402 1038 3491">
    <p class='ocr_par' dir='ltr' id='par_1_9' title="bbox 687 3402 1038 3491">
     <span class='ocr_line' id='line_1_26' title="bbox 687 3402 1038 3491; baseline -0.003 -20"><span class='ocrx_word' id='word_1_189' title='bbox 687 3402 799 3491; x_wconf 79' lang='lat' dir='ltr'>Super</span> <span class='ocrx_word' id='word_1_190' title='bbox 822 3405 1001 3471; x_wconf 80' lang='lat' dir='ltr'>masculos,</span> <span class='ocrx_word' id='word_1_191' title='bbox 1016 3407 1038 3482; x_wconf 56' lang='grc' dir='ltr'>δ3)</span> 
     </span>
    </p>
   </div>
   <div class='ocr_carea' id='block_1_10' title="bbox 271 3526 1450 3742">
    <p class='ocr_par' dir='ltr' id='par_1_10' title="bbox 271 3526 1450 3742">
     <span class='ocr_line' id='line_1_27' title="bbox 380 3526 1450 3626; baseline -0.002 -21"><span class='ocrx_word' id='word_1_192' title='bbox 380 3526 484 3605; x_wconf 92' lang='lat' dir='ltr'>Deus</span> <span class='ocrx_word' id='word_1_193' title='bbox 516 3536 712 3604; x_wconf 87' lang='lat' dir='ltr'>immortale</span> <span class='ocrx_word' id='word_1_194' title='bbox 736 3537 925 3626; x_wconf 91' lang='lat' dir='ltr'>presidium</span> <span class='ocrx_word' id='word_1_195' title='bbox 952 3537 1103 3605; x_wconf 90' lang='lat' dir='ltr'>omnium</span> <span class='ocrx_word' id='word_1_196' title='bbox 1133 3536 1391 3625; x_wconf 90' lang='lat' dir='ltr'>postulantium.</span> <span class='ocrx_word' id='word_1_197' title='bbox 1417 3536 1450 3603; x_wconf 94' lang='lat' dir='ltr'>li-</span> 
     </span>
     <span class='ocr_line' id='line_1_28' title="bbox 271 3651 1449 3742; baseline 0.002 -25"><span class='ocrx_word' id='word_1_198' title='bbox 271 3651 405 3718; x_wconf 90' lang='lat' dir='ltr'>beratio</span> <span class='ocrx_word' id='word_1_199' title='bbox 431 3652 636 3741; x_wconf 91' lang='lat' dir='ltr'>supplicum.</span> <span class='ocrx_word' id='word_1_200' title='bbox 661 3676 730 3742; x_wconf 89' lang='lat' dir='ltr'>pax</span> <span class='ocrx_word' id='word_1_201' title='bbox 756 3653 966 3740; x_wconf 89' lang='lat' dir='ltr'>rogantium.</span> <span class='ocrx_word' id='word_1_202' title='bbox 993 3654 1063 3721; x_wconf 90' lang='lat' dir='ltr'>vita</span> <span class='ocrx_word' id='word_1_203' title='bbox 1084 3653 1309 3721; x_wconf 90' lang='lat' dir='ltr'>credentium.</span> <span class='ocrx_word' id='word_1_204' title='bbox 1335 3675 1449 3720; x_wconf 93' lang='lat' dir='ltr'>resur·</span> 
     </span>
    </p>
   </div>
   <div class='ocr_carea' id='block_1_11' title="bbox 271 3881 1453 4402">
    <p class='ocr_par' dir='ltr' id='par_1_11' title="bbox 271 3881 1453 4402">
     <span class='ocr_line' id='line_1_29' title="bbox 381 3881 1448 3954; baseline 0.001 -17"><span class='ocrx_word' id='word_1_205' title='bbox 381 3885 398 3948; x_wconf 73' lang='lat'>¹)</span> <span class='ocrx_word' id='word_1_206' title='bbox 419 3882 481 3937; x_wconf 87' lang='lat' dir='ltr'>Das</span> <span class='ocrx_word' id='word_1_207' title='bbox 497 3881 636 3951; x_wconf 87' lang='lat' dir='ltr'>folgende</span> <span class='ocrx_word' id='word_1_208' title='bbox 652 3883 748 3938; x_wconf 89' lang='lat' dir='ltr'>Gebet</span> <span class='ocrx_word' id='word_1_209' title='bbox 763 3882 834 3937; x_wconf 91' lang='lat' dir='ltr'>fehlt</span> <span class='ocrx_word' id='word_1_210' title='bbox 848 3883 889 3938; x_wconf 94' lang='lat' dir='ltr'>im</span> <span class='ocrx_word' id='word_1_211' title='bbox 903 3883 962 3938; x_wconf 88' lang='lat' dir='ltr'>Rit.</span> <span class='ocrx_word' id='word_1_212' title='bbox 979 3883 1105 3940; x_wconf 84' lang='lat' dir='ltr'>Roman.</span> <span class='ocrx_word' id='word_1_213' title='bbox 1121 3883 1201 3938; x_wconf 93' lang='lat' dir='ltr'>beim</span> <span class='ocrx_word' id='word_1_214' title='bbox 1217 3884 1289 3938; x_wconf 92' lang='lat' dir='ltr'>ordo</span> <span class='ocrx_word' id='word_1_215' title='bbox 1308 3883 1448 3954; x_wconf 92' lang='lat' dir='ltr'>baptismi</span> 
     </span>
     <span class='ocr_line' id='line_1_30' title="bbox 272 3971 1447 4044; baseline 0.002 -19"><span class='ocrx_word' id='word_1_216' title='bbox 272 3973 479 4041; x_wconf 88' lang='lat' dir='ltr'>parvulorum,</span> <span class='ocrx_word' id='word_1_217' title='bbox 498 3971 591 4026; x_wconf 89' lang='lat' dir='ltr'>findet</span> <span class='ocrx_word' id='word_1_218' title='bbox 611 3973 684 4027; x_wconf 84' lang='lat' dir='ltr'>aber</span> <span class='ocrx_word' id='word_1_219' title='bbox 703 3973 900 4043; x_wconf 86' lang='lat' dir='ltr'>Anwendung</span> <span class='ocrx_word' id='word_1_220' title='bbox 919 3972 1000 4027; x_wconf 88' lang='lat' dir='ltr'>beim</span> <span class='ocrx_word' id='word_1_221' title='bbox 1020 3973 1093 4027; x_wconf 92' lang='lat' dir='ltr'>ordo</span> <span class='ocrx_word' id='word_1_222' title='bbox 1113 3972 1254 4044; x_wconf 90' lang='lat' dir='ltr'>baptismi</span> <span class='ocrx_word' id='word_1_223' title='bbox 1274 3973 1447 4028; x_wconf 84' lang='lat' dir='ltr'>adultorum.</span> 
     </span>
     <span class='ocr_line' id='line_1_31' title="bbox 271 4060 1450 4132; baseline 0.001 -17"><span class='ocrx_word' id='word_1_224' title='bbox 271 4060 366 4115; x_wconf 89' lang='lat' dir='ltr'>Editio</span> <span class='ocrx_word' id='word_1_225' title='bbox 387 4060 432 4115; x_wconf 88' lang='lat' dir='ltr'>cit.</span> <span class='ocrx_word' id='word_1_226' title='bbox 452 4078 481 4132; x_wconf 92' lang='lat' dir='ltr'>p.</span> <span class='ocrx_word' id='word_1_227' title='bbox 501 4079 544 4131; x_wconf 86' lang='lat'>34.</span> <span class='ocrx_word' id='word_1_228' title='bbox 573 4061 657 4115; x_wconf 86' lang='lat' dir='ltr'>Auch</span> <span class='ocrx_word' id='word_1_229' title='bbox 674 4061 804 4131; x_wconf 87' lang='lat' dir='ltr'>Agenda</span> <span class='ocrx_word' id='word_1_230' title='bbox 818 4061 960 4117; x_wconf 89' lang='lat' dir='ltr'>Mindens.</span> <span class='ocrx_word' id='word_1_231' title='bbox 980 4063 1030 4116; x_wconf 88' lang='lat' dir='ltr'>hat</span> <span class='ocrx_word' id='word_1_232' title='bbox 1057 4062 1208 4117; x_wconf 90' lang='lat' dir='ltr'>orationes</span> <span class='ocrx_word' id='word_1_233' title='bbox 1228 4079 1318 4132; x_wconf 92' lang='lat' dir='ltr'>super</span> <span class='ocrx_word' id='word_1_234' title='bbox 1338 4079 1450 4116; x_wconf 90' lang='lat' dir='ltr'>mascu-</span> 
     </span>
     <span class='ocr_line' id='line_1_32' title="bbox 271 4150 1449 4222; baseline 0.002 -19"><span class='ocrx_word' id='word_1_235' title='bbox 271 4150 317 4205; x_wconf 92' lang='lat' dir='ltr'>los</span> <span class='ocrx_word' id='word_1_236' title='bbox 342 4151 402 4204; x_wconf 93' lang='lat' dir='ltr'>und</span> <span class='ocrx_word' id='word_1_237' title='bbox 425 4151 537 4205; x_wconf 89' lang='lat' dir='ltr'>andere</span> <span class='ocrx_word' id='word_1_238' title='bbox 563 4167 655 4222; x_wconf 92' lang='lat' dir='ltr'>super</span> <span class='ocrx_word' id='word_1_239' title='bbox 679 4151 822 4206; x_wconf 88' lang='lat' dir='ltr'>femellas.</span> <span class='ocrx_word' id='word_1_240' title='bbox 860 4151 978 4206; x_wconf 88' lang='lat' dir='ltr'>Ebenso</span> <span class='ocrx_word' id='word_1_241' title='bbox 999 4152 1054 4206; x_wconf 90' lang='lat' dir='ltr'>das</span> <span class='ocrx_word' id='word_1_242' title='bbox 1073 4151 1236 4205; x_wconf 84' lang='lat' dir='ltr'>Taufritual</span> <span class='ocrx_word' id='word_1_243' title='bbox 1256 4152 1309 4205; x_wconf 87' lang='lat' dir='ltr'>des</span> <span class='ocrx_word' id='word_1_244' title='bbox 1329 4150 1449 4205; x_wconf 88' lang='lat' dir='ltr'>Brevia-</span> 
     </span>
     <span class='ocr_line' id='line_1_33' title="bbox 271 4238 1448 4311; baseline 0.003 -19"><span class='ocrx_word' id='word_1_245' title='bbox 271 4238 345 4293; x_wconf 91' lang='lat' dir='ltr'>rium</span> <span class='ocrx_word' id='word_1_246' title='bbox 365 4240 418 4294; x_wconf 89' lang='lat' dir='ltr'>der</span> <span class='ocrx_word' id='word_1_247' title='bbox 437 4239 658 4295; x_wconf 88' lang='lat' dir='ltr'>schwedischen</span> <span class='ocrx_word' id='word_1_248' title='bbox 678 4240 807 4294; x_wconf 82' lang='lat' dir='ltr'>Dibzese</span> <span class='ocrx_word' id='word_1_249' title='bbox 827 4239 942 4295; x_wconf 87' lang='lat' dir='ltr'>Skara</span> <span class='ocrx_word' id='word_1_250' title='bbox 961 4258 1032 4294; x_wconf 93' lang='lat' dir='ltr'>vom</span> <span class='ocrx_word' id='word_1_251' title='bbox 1053 4240 1143 4309; x_wconf 93' lang='lat' dir='ltr'>Jahre</span> <span class='ocrx_word' id='word_1_252' title='bbox 1165 4256 1241 4311; x_wconf 81' lang='lat'>1493.</span> <span class='ocrx_word' id='word_1_253' title='bbox 1275 4240 1448 4309; x_wconf 84' lang='lat' dir='ltr'>Quensel,</span> 
     </span>
     <span class='ocr_line' id='line_1_34' title="bbox 271 4327 1453 4402; baseline 0.003 -21"><span class='ocrx_word' id='word_1_254' title='bbox 271 4327 379 4398; x_wconf 84' lang='lat' dir='ltr'>Bidrag</span> <span class='ocrx_word' id='word_1_255' title='bbox 409 4329 451 4383; x_wconf 95' lang='lat' dir='ltr'>till</span> <span class='ocrx_word' id='word_1_256' title='bbox 478 4329 614 4384; x_wconf 88' lang='lat' dir='ltr'>Svenska</span> <span class='ocrx_word' id='word_1_257' title='bbox 639 4329 808 4400; x_wconf 88' lang='lat' dir='ltr'>Liturgiens</span> <span class='ocrx_word' id='word_1_258' title='bbox 834 4329 971 4385; x_wconf 88' lang='lat' dir='ltr'>Historia.</span> <span class='ocrx_word' id='word_1_259' title='bbox 1016 4329 1034 4385; x_wconf 89' lang='grc' dir='ltr'>Ι.</span> <span class='ocrx_word' id='word_1_260' title='bbox 1062 4328 1208 4385; x_wconf 89' lang='lat' dir='ltr'>Historisk</span> <span class='ocrx_word' id='word_1_261' title='bbox 1234 4329 1394 4402; x_wconf 88' lang='lat' dir='ltr'>Belysning</span> <span class='ocrx_word' id='word_1_262' title='bbox 1419 4329 1453 4384; x_wconf 90' lang='lat' dir='ltr'>af</span> 
     </span>
    </p>
   </div>
   <div class='ocr_carea' id='block_1_12' title="bbox 272 4418 1426 4596">
    <p class='ocr_par' dir='ltr' id='par_1_12' title="bbox 272 4418 1426 4596">
     <span class='ocr_line' id='line_1_35' title="bbox 272 4418 1099 4490; baseline 0.002 -20"><span class='ocrx_word' id='word_1_263' title='bbox 272 4433 342 4487; x_wconf 85' lang='lat'>1529</span> <span class='ocrx_word' id='word_1_264' title='bbox 361 4449 394 4456; x_wconf 97' lang='lat'><em>-</em></span> <span class='ocrx_word' id='word_1_265' title='bbox 414 4419 508 4473; x_wconf 84' lang='lat' dir='ltr'>Aars</span> <span class='ocrx_word' id='word_1_266' title='bbox 527 4418 682 4473; x_wconf 89' lang='lat' dir='ltr'>Handbok.</span> <span class='ocrx_word' id='word_1_267' title='bbox 720 4419 832 4490; x_wconf 92' lang='lat' dir='ltr'>Upsala</span> <span class='ocrx_word' id='word_1_268' title='bbox 853 4421 929 4488; x_wconf 85' lang='lat'>1890.</span> <span class='ocrx_word' id='word_1_269' title='bbox 950 4437 977 4488; x_wconf 91' lang='lat' dir='ltr'>p.</span> <span class='ocrx_word' id='word_1_270' title='bbox 1001 4435 1049 4472; x_wconf 93' lang='lat'>101</span> <span class='ocrx_word' id='word_1_271' title='bbox 1071 4419 1099 4472; x_wconf 89' lang='lat' dir='ltr'>ff.</span> 
     </span>
     <span class='ocr_line' id='line_1_36' title="bbox 379 4507 1426 4596; baseline 0.001 -34"><span class='ocrx_word' id='word_1_272' title='bbox 379 4509 398 4574; x_wconf 74' lang='lat'>²)</span> <span class='ocrx_word' id='word_1_273' title='bbox 418 4508 461 4562; x_wconf 91' lang='lat' dir='ltr'>Im</span> <span class='ocrx_word' id='word_1_274' title='bbox 480 4508 538 4564; x_wconf 89' lang='lat' dir='ltr'>Rit.</span> <span class='ocrx_word' id='word_1_275' title='bbox 559 4508 647 4562; x_wconf 90' lang='lat' dir='ltr'>Rom.</span> <span class='ocrx_word' id='word_1_276' title='bbox 667 4508 711 4562; x_wconf 90' lang='lat' dir='ltr'>cit.</span> <span class='ocrx_word' id='word_1_277' title='bbox 731 4526 758 4580; x_wconf 93' lang='lat' dir='ltr'>p.</span> <span class='ocrx_word' id='word_1_278' title='bbox 779 4525 814 4578; x_wconf 86' lang='lat'>35</span> <span class='ocrx_word' id='word_1_279' title='bbox 833 4508 912 4563; x_wconf 94' lang='lat' dir='ltr'>beim</span> <span class='ocrx_word' id='word_1_280' title='bbox 933 4509 1006 4562; x_wconf 94' lang='lat' dir='ltr'>ordo</span> <span class='ocrx_word' id='word_1_281' title='bbox 1027 4508 1109 4578; x_wconf 92' lang='lat' dir='ltr'>bapt.</span> <span class='ocrx_word' id='word_1_282' title='bbox 1131 4507 1307 4564; x_wconf 87' lang='lat' dir='ltr'>adultorum.</span> <span class='ocrx_word' id='word_1_283' title='bbox 1424 4592 1426 4596; x_wconf 87' lang='lat'>.</span> 
     </span>
    </p>
   </div>
   <div class='ocr_carea' id='block_1_13' title="bbox 0 0 1791 5402">
    <p class='ocr_par' dir='ltr' id='par_1_13' title="bbox 0 0 1791 5402">
     <span class='ocr_line' id='line_1_37' title="bbox 0 0 1791 5402; baseline 0 0"><span class='ocrx_word' id='word_1_284' title='bbox 0 0 1791 5402; x_wconf 95' lang='lat' dir='ltr'> </span> 
     </span>
    </p>
   </div>
  </div>
 </body>
</html>
