3534 5392
795 457 839 524 43

710 615 887 700 Psalmus.
901 635 923 714 ¹)

339 756 649 861 Quemadmodum
670 766 845 834 desiderat
865 788 992 834 cervus
1009 766 1053 833 ad
1073 765 1203 833 fontem
1224 788 1403 853 aquarum.

196 888 201 896 ’
227 883 275 951 ita
301 881 478 949 desiderat
502 881 615 949 anima
639 904 716 950 mea
740 883 784 951 ad
808 895 842 950 te
867 884 963 951 deust

339 986 461 1070 Sitiuit
485 997 597 1065 anima
622 1020 698 1065 mea
722 999 766 1066 ad
799 999 902 1066 deum
933 998 1063 1066 fontem
1097 998 1231 1066 viuum:
1265 999 1403 1086 quando

230 1114 367 1182 veniam
391 1125 425 1181 et
448 1115 627 1202 apparebo
651 1126 731 1181 ante
755 1114 878 1182 faciem
903 1114 979 1183 dei„

337 1220 501 1298 Fuerunt
526 1229 629 1297 michi
654 1230 795 1298 lacrime
820 1253 895 1297 mee
915 1253 1023 1319 panes
1042 1230 1097 1299 die
1117 1253 1157 1298 ac
1181 1243 1297 1298 nocte:
1322 1232 1402 1297 dum

229 1345 355 1414 dicitur
380 1345 482 1412 michi
507 1346 661 1434 quotidie
684 1346 743 1414 vbi
768 1359 820 1414 est
845 1348 931 1415 deus
955 1359 1046 1416 tuus,

337 1454 422 1533 Hec
447 1462 651 1531 recordatus
676 1485 751 1530 sum
777 1475 810 1530 et
835 1462 939 1531 effudi
964 1463 997 1530 in
1023 1486 1077 1531 me
1102 1463 1249 1531 animam
1275 1486 1403 1531 meam:

230 1577 392 1668 quoniam
417 1577 573 1646 transibo
598 1578 630 1646 in
656 1578 769 1647 locum
799 1579 1012 1647 tabernaculi
1036 1579 1260 1648 admirabilis:
1291 1602 1404 1668 usque

228 1686 273 1753 ad
297 1686 438 1753 domum
463 1685 527 1753 dei.

338 1794 380 1870 In
405 1825 495 1869 voce
519 1803 739 1872 exultationis
764 1817 797 1872 et
823 1803 1068 1871 consessionis:
1092 1825 1199 1870 sonus
1225 1802 1403 1892 epulantis.

340 1918 464 2023 Quare
488 1928 597 1996 tristis
621 1951 659 1996 es
684 1929 797 1997 anima
822 1952 913 1997 mea:
939 1942 972 1996 et
991 1951 1100 2016 quare
1125 1929 1312 1996 conturbas
1337 1951 1402 1997 me.

341 2041 459 2141 Spera
484 2052 517 2120 in
542 2055 608 2121 deo
633 2054 795 2142 quoniam
816 2055 928 2121 adhuc
950 2054 1142 2121 confitebor
1166 2053 1226 2120 illi:
1252 2051 1403 2120 salutare

233 2169 348 2236 vultus
373 2169 438 2236 mei
463 2183 497 2236 et
522 2170 607 2238 deus
633 2193 740 2239 meus,

336 2274 400 2356 Ad
425 2308 480 2352 me
504 2285 615 2374 ipsum
641 2287 754 2354 anima
785 2309 860 2354 mea
892 2289 1098 2354 conturbata
1131 2297 1184 2353 est
1214 2298 1403 2374 propterea

232 2424 366 2468 memor
398 2424 460 2468 ero
494 2403 542 2469 tui
576 2404 619 2470 de
643 2415 737 2471 terra
768 2402 936 2470 iordanis:
969 2415 1002 2471 et
1033 2401 1203 2490 hermonij
1235 2424 1255 2468 a
1287 2413 1403 2468 monte

232 2509 380 2576 modico.

336 2614 510 2714 Abyssus
551 2628 719 2713 abyssum
758 2625 911 2694 invocat:
950 2627 983 2693 in
1023 2649 1111 2694 voce
1149 2637 1402 2693 cataractarum

232 2752 379 2808 tuarum.

340 2849 471 2928 Omnia
503 2859 641 2930 excelsa
674 2871 732 2926 tua
766 2872 800 2926 et
833 2860 957 2926 lluctus
988 2860 1053 2926 tui:
1087 2882 1192 2948 super
1225 2882 1282 2926 me
1315 2871 1404 2926 tran-

230 2973 372 3042 sierunt.

337 3082 378 3158 In
413 3091 469 3157 die
503 3091 678 3159 mandavit
712 3092 871 3159 dominus
910 3091 1182 3159 misericordiam
1220 3114 1333 3159 suam:
1370 3105 1404 3159 et

231 3218 334 3273 nocte
358 3207 528 3274 canticum
555 3207 639 3275 eius

337 3313 450 3411 Apud
485 3347 539 3391 me
572 3324 685 3392 oratio
700 3329 721 3406 2)
747 3324 818 3392 vite
848 3347 937 3392 mee:
970 3325 1083 3392 dicam
1117 3325 1183 3392 deo
1211 3338 1403 3413 ‘susceptor

232 3452 465 3507 mmmm
807 3529 809 3532 Ι

340 3545 465 3650 Quare
489 3557 616 3625 oblitus
641 3581 679 3624 es
704 3557 785 3624 mei:
817 3570 851 3624 et
875 3581 983 3646 quare
1016 3557 1242 3624 contristatus
1266 3557 1404 3624 incedo:

232 3672 315 3738 dum
339 3671 462 3758 affligit
486 3695 542 3740 me
565 3674 731 3742 inimicus.

338 3778 440 3859 Dum
462 3788 726 3877 confringuntur
747 3813 828 3859 ossa
849 3813 940 3858 mea:
965 3793 1267 3879 exprobraverunt
1288 3789 1405 3857 michi:

230 3902 289 3991 qui
313 3903 476 3971 tribulant
501 3929 556 3972 me
579 3906 703 3974 inimici
728 3907 805 3975 mei.

339 4010 440 4091 Dum
475 4022 592 4089 dicunt
624 4023 725 4090 michi
757 4047 821 4112 per
845 4024 1005 4111 singulos
1036 4024 1126 4092 dies:
1159 4024 1216 4091 ubi
1241 4036 1293 4091 est
1319 4024 1405 4090 deus

230 4147 320 4202 tuus
346 4159 454 4224 quare
479 4138 587 4205 tristis
612 4163 650 4207 es
674 4140 787 4207 anima
813 4163 904 4208 mea:
935 4153 968 4207 et
993 4163 1101 4228 quare
1125 4141 1314 4208 conturbas
1339 4161 1405 4207 me.

233 4316 446 4324 ———-.--.

340 4405 358 4471 ¹)
379 4405 480 4458 Psalm
500 4423 541 4475 41.

338 4493 357 4561 ²)
378 4494 440 4548 Das
459 4494 524 4549 Deo
544 4496 596 4548 der
616 4493 745 4564 Vulgata
764 4494 840 4552 fehlt.
