3534 5392
927 496 971 560 40

890 651 1021 719 Oratio.

468 778 546 856 Fac
571 809 761 875 quesumus
783 786 923 854 domine
940 787 1029 854 hanc
1049 809 1127 854 cum
1147 787 1277 855 famulo
1297 800 1358 855 tuo
1375 787 1540 856 defuncto

362 902 648 971 misericordiam.
674 914 711 971 vt
743 903 914 970 factorum
947 925 1092 970 suorum
1116 902 1150 970 in
1179 903 1278 993 penis
1302 927 1369 971 non
1394 903 1541 993 recipiat

362 1011 484 1078 vicem.
523 1011 580 1098 qui
619 1024 713 1078 tuam
750 1010 783 1077 in
818 1010 909 1077 votis
947 1009 1055 1076 tenuit
1090 1011 1317 1080 voluntatem
1370 1010 1418 1080 Ut
1451 1011 1542 1079 sicut

361 1141 440 1186 eum
464 1117 519 1185 hic
543 1140 629 1185 vera
652 1117 740 1185 fides
765 1117 874 1184 iunxit
892 1117 1045 1184 fidelium
1065 1118 1188 1185 turmis
1213 1117 1260 1186 ita
1284 1141 1363 1186 eum
1388 1117 1454 1185 illic
1480 1130 1540 1186 tua

363 1225 542 1294 miseratio
567 1225 677 1292 societ
701 1224 869 1312 angelicis
894 1224 1021 1292 choris.
1068 1224 1106 1292 P.

467 1335 513 1409 R.
560 1341 687 1408 Libera
713 1363 768 1408 me
791 1341 940 1408 domine.

467 1458 725 1555 Kyrieleyson.
773 1456 1032 1553 Cristeleyson.
1075 1457 1334 1556 Kyrieleyson.

467 1583 572 1651 Pater
596 1595 725 1651 noster.

466 1689 647 1779 Requiem.

468 1799 502 1865 A
526 1810 628 1885 porta
653 1795 761 1865 inseri.

469 1903 588 1973 Credo
613 1904 657 1972 vi.

468 2011 712 2100 Requiescant.

871 2154 1024 2223 Collecta.

466 2264 599 2340 Inclina
635 2294 824 2359 quesumus
860 2271 1000 2339 domine
1039 2294 1160 2339 aurem
1195 2283 1290 2339 tuam
1326 2273 1371 2339 ad
1411 2294 1539 2361 preces

362 2399 501 2457 nostras
527 2388 653 2476 quibus
677 2387 953 2456 misericordiam
978 2400 1072 2455 tuam
1098 2387 1273 2477 supplices
1293 2388 1539 2475 deprecamur.

359 2507 398 2564 vt
421 2495 570 2563 animam
595 2494 712 2562 famuli
737 2495 785 2562 tui
809 2494 851 2563 N.
881 2517 983 2582 quem
1010 2495 1143 2563 dehoc
1175 2495 1270 2562 seclo
1300 2495 1446 2582 migrari
1471 2496 1541 2564 ius·
1743 2489 1744 2498 ³

360 2601 435 2671 sisti
459 2601 491 2670 in
516 2602 612 2692 pacis
637 2625 677 2669 ac
702 2601 788 2670 lucis
813 2601 960 2689 regione
987 2601 1178 2670 constituas
1203 2615 1237 2669 et
1262 2615 1463 2670 sanctorum
1490 2603 1540 2671 iu·

359 2711 443 2778 beas
467 2731 547 2779 esse
571 2721 781 2776 consortem.
828 2708 866 2776 P.

837 2870 1061 2958 Antz'phonae.

465 2993 612 3084 Aperite
637 2994 682 3061 illi
707 3006 828 3083 portas
853 2993 997 3064 iusticie.

467 3101 650 3189 ingressus
674 3101 708 3169 in
732 3124 803 3169 eas,

466 3209 672 3277 confiteatur
695 3208 848 3277 domino.

467 3316 531 3383 hec
555 3328 657 3404 porta
682 3315 821 3384 domini.

465 3423 549 3490 Iusti
573 3422 746 3491 intrabant
770 3424 804 3490 in
828 3446 914 3491 eam.

844 3583 1052 3666 Psalmus1)

466 3708 690 3787 Confitemini
714 3717 856 3786 domino
881 3717 1044 3806 quoniam
1070 3718 1192 3785 bonus.
1218 3717 1380 3806 quoniam
1405 3717 1439 3786 in
1463 3741 1536 3787 sec·

358 3833 427 3901 lum
442 3835 465 3916 ²)
491 3832 729 3902 misericordia
753 3833 838 3904 eius.

465 3941 572 4020 Dicat
596 3972 686 4018 nunc
710 3949 812 4018 israel
836 3951 1000 4039 quoniam
1025 3952 1156 4018 bonus:
1185 3951 1348 4040 quoniam
1380 3951 1414 4018 in
1439 3973 1536 4019 secu·

358 4065 427 4133 lum
454 4065 694 4134 misericordia
717 4067 800 4135 eius.

465 4173 572 4253 Dicat
588 4205 678 4250 nunc
694 4184 819 4252 domus
832 4207 952 4253 aaron.
969 4183 1132 4273 quoniam
1149 4183 1182 4252 in
1194 4183 1434 4252 misericordia
1448 4182 1534 4252 eius.

360 4353 571 4364 ᾕ-

466 4425 485 4492 ¹)
505 4423 605 4480 Psalm
627 4439 686 4494 117.

464 4513 484 4580 ¹)
505 4513 623 4569 Seclum
643 4511 685 4566 ost
705 4513 777 4566 auch
797 4512 935 4568 seculum.
