3570 5402
822 485 843 554 5

410 679 677 760 Commixtio
707 679 820 758 salis
850 685 895 758 et
924 701 1041 777 aque
1069 677 1150 757 fiat
1177 677 1261 756 hic.

354 859 439 937 Fiat
459 869 522 935 hec
547 865 747 934 commixtio
772 865 854 933 salis
875 878 908 932 et
933 887 1023 953 aque
1046 864 1187 954 pariter.
1224 864 1260 931 In
1284 864 1422 932 nomine

249 985 435 1074 patrislet
458 983 516 1051 filii
527 984 549 1064 l·
560 995 594 1050 et
617 981 760 1071 spiritus
785 981 1064 1066 sanctilAmen.

355 1091 456 1159 Dom.
482 1091 561 1158 vob.

733 1284 890 1352 Oramus,

356 1431 459 1509 Deus
484 1438 610 1505 invicte
642 1437 781 1505 virtutis
810 1449 933 1505 auctor
958 1449 991 1505 et
1022 1435 1264 1524 insuperabilis
1288 1435 1423 1526 imperii

247 1580 310 1624 rex
335 1577 375 1624 ac
399 1577 539 1644 semper
565 1553 772 1642 magnificus
792 1553 1034 1642 triumphator.
1060 1553 1118 1641 qui
1142 1553 1292 1620 adverse
1317 1552 1422 1620 domi·

248 1664 396 1733 nationis
421 1663 516 1730 vires
540 1661 711 1750 reprimis,
737 1660 794 1748 qui
825 1659 952 1728 inimici
981 1660 1151 1748 rugientis
1181 1659 1343 1728 seuiciam
1370 1682 1422 1726 su·

247 1794 363 1860 peras
394 1768 451 1858 qui
479 1768 624 1836 hostiles
653 1768 827 1856 nequicias
852 1781 975 1857 potens
999 1790 1192 1857 expugnas.
1226 1779 1260 1834 te
1284 1767 1422 1834 domine

249 1889 438 1946 trementes
472 1888 505 1944 et
538 1875 712 1964 supplices
746 1876 975 1964 deprecamur
1008 1898 1049 1942 ac
1083 1875 1231 1964 petimus
1264 1887 1301 1941 ut
1333 1873 1422 1941 hanc

250 1995 446 2051 creaturam
469 1983 550 2050 salis
574 1994 608 2050 et
631 2005 720 2071 aque
745 1983 928 2068 dignanter
953 1981 1320 2071 accipiaslbenignus
1344 1981 1422 2048 illus

250 2091 355 2171 ltres
386 2090 522 2178 pietatis
551 2102 609 2156 tue
638 2112 736 2157 more
764 2089 999 2173 sancti†fices
1028 2102 1065 2157 ut
1094 2089 1290 2177 ubicunque
1320 2087 1422 2155 fuerit

250 2219 394 2285 aspersa
414 2219 477 2285 per
496 2196 748 2266 invocationem
774 2196 822 2264 tui
846 2197 956 2266 sancti
981 2197 1128 2265 nominis
1153 2196 1266 2264 omnis
1286 2195 1422 2263 infesta·

249 2304 297 2371 tio
314 2303 478 2370 immundi
496 2303 637 2392 spiritus
657 2304 836 2392 abijciatur
856 2318 1041 2393 terrorque
1061 2303 1229 2372 venenosi
1248 2302 1422 2391 serpentis

247 2411 371 2499 procul
399 2411 546 2498 pellatur
574 2424 608 2478 et
637 2411 792 2501 potentia
805 2415 828 2493 ¹)
857 2412 965 2480 sancti
994 2411 1137 2501 spiritus
1165 2411 1265 2478 nobis
1293 2409 1422 2477 miseri-

247 2518 404 2585 cordiam
425 2529 517 2585 tuam
539 2519 763 2606 poscentibus
782 2519 910 2608 ubique
929 2520 1054 2587 adesse
1074 2519 1247 2606 dignetur.
1283 2517 1320 2585 P.
1339 2517 1371 2583 d.
1389 2539 1420 2584 n.

354 2627 428 2705 An.
443 2637 465 2716 ²)
512 2635 697 2723 Asperges
723 2658 777 2703 me
802 2635 940 2702 domine
964 2635 1065 2724 isopo
1090 2648 1124 2702 et
1149 2635 1352 2702 mundabor.

355 2754 399 2827 V.
448 2759 605 2829 Ostende
630 2761 729 2866 npbis
754 2761 894 2828 domine
918 2761 1033 2829 miser.
1060 2761 1240 2844 [icordiam
1264 2761 1380 2844 tuaml.

757 2964 913 3032 Oramus

357 3107 490 3175 Exaudi
520 3131 585 3176 nos
617 3107 755 3176 domine
786 3121 904 3176 sancte
929 3122 1028 3197 pater
1060 3110 1279 3199 omnipotens
1303 3124 1423 3179 eterne

250 3214 347 3282 deus.
378 3228 412 3282 et
442 3215 577 3283 mittere
606 3215 762 3303 digneris
792 3229 949 3284 sanctum
979 3218 1141 3305 angelum
1173 3230 1269 3286 tuum
1299 3219 1342 3286 de
1372 3241 1422 3286 ce·

250 3321 292 3389 lis
316 3322 374 3410 qui
398 3323 576 3390 custodiat.
601 3322 728 3391 foveat.
753 3336 928 3414 protegat.
954 3324 1080 3393 visitet.
1106 3325 1286 3392 benedicat
1310 3337 1343 3393 et
1367 3325 1421 3392 de·

250 3428 367 3496 fendat
392 3451 513 3497 omnes
537 3430 732 3499 habitantes
756 3431 788 3498 in
814 3432 880 3499 hoc
905 3431 1112 3500 habitaculo
1138 3455 1200 3520 per
1225 3454 1273 3500 cr.

359 3717 378 3783 ¹)
399 3715 516 3771 Rituale
535 3716 622 3771 Rom.
642 3717 658 3770 l.
679 3735 702 3771 c.
721 3716 898 3788 praesentia.

358 3805 378 3873 9)
398 3804 466 3859 Von
486 3805 551 3859 hier
571 3806 608 3860 ab
630 3805 701 3860 sehlt
720 3806 760 3860 im
778 3805 834 3861 Rit.
855 3806 942 3860 Rom.
