3534 5392
780 439 820 504 61

205 615 359 703 spiritus
393 616 559 684 dicentes.
606 615 701 683 Mitte
735 639 800 684 nos
834 617 866 683 in
898 639 1042 704 porcos:
1077 629 1115 684 vt
1149 639 1210 685 eos
1245 617 1391 684 introea-

206 745 294 789 mus
318 723 362 790 Et
386 723 559 792 concessit
591 723 641 791 eis
666 724 781 790 statim
812 723 940 791 ihesus.
988 724 1031 791 Et
1055 737 1223 792 exeuntes
1248 724 1391 812 spiritus

207 828 381 899 immundi
417 830 622 898 introierunt
655 831 688 898 in
724 853 870 919 porcos:
906 843 943 918 et
974 853 1103 918 magno
1138 831 1267 920 impetu
1301 854 1390 918 grex

208 937 464 1025 praecipitatus
495 950 548 1006 est
577 938 610 1006 in
635 961 731 1005 mare
760 938 804 1006 ad
828 939 898 1006 duo
924 938 1036 1006 millia.
1070 950 1103 1006 et
1128 938 1288 1006 suffocati
1312 951 1393 1006 sunt

210 1042 249 1110 in
275 1044 370 1111 mari.
417 1045 485 1130 Qui
509 1058 622 1113 autem
648 1049 839 1133 pascebant
863 1069 925 1114 eos
949 1046 1127 1134 lugierunt
1152 1058 1185 1113 et
1210 1047 1392 1114 nunciaue-

211 1163 297 1218 runt
330 1151 363 1218 in
398 1152 573 1220 civitatem
608 1166 642 1221 et
675 1153 708 1220 in
742 1176 862 1240 agros.
910 1154 953 1221 Et
987 1153 1124 1240 egressi
1158 1165 1238 1220 sunt
1271 1153 1392 1220 videre

212 1257 298 1346 quid
322 1273 422 1346 esset
436 1261 581 1328 lactum:
606 1273 640 1328 et
660 1261 802 1328 veniunt
822 1261 866 1328 ad
886 1261 1031 1329 ihesum.
1057 1274 1091 1328 et
1116 1261 1275 1329 videntes
1299 1261 1391 1328 illum

213 1365 275 1454 qui
311 1390 331 1434 a
365 1368 526 1436 demonio
561 1371 765 1436 vexabatur.
802 1370 980 1436 sedentem
1018 1368 1198 1436 vestitum:
1240 1380 1274 1435 et
1308 1390 1393 1435 sane

214 1473 358 1542 mentis:
392 1488 426 1542 et
457 1475 657 1544 timuerunt.
704 1475 747 1543 Et
778 1488 1010 1544 narrauerunt
1041 1476 1087 1543 illi
1119 1498 1185 1564 que
1216 1475 1393 1542 viderant:

214 1581 363 1668 qualiter
388 1583 516 1650 factum
551 1595 645 1651 esset
674 1583 714 1652 ei.
751 1583 809 1671 qui
841 1583 1041 1650 demonium
1073 1584 1252 1652 habuerat.
1285 1596 1319 1651 et
1350 1584 1395 1650 de

215 1687 347 1776 porcis.
389 1688 431 1755 Et
456 1711 589 1777 rogare
610 1713 687 1757 eum
712 1703 892 1779 ceperunt:
918 1702 956 1757 vt
980 1690 1175 1758 discederet
1200 1693 1243 1757 de
1268 1691 1394 1758 finibus

216 1818 350 1862 eorum.
398 1795 544 1884 Cunque
575 1800 780 1865 ascenderet
811 1798 926 1865 nauim
958 1797 1049 1885 cepit
1081 1797 1173 1864 illum
1200 1797 1393 1886 deprecari.

218 1902 277 1990 qui
302 1926 321 1970 a
346 1904 508 1971 demonio
533 1916 680 1972 vexatus
705 1905 827 1974 fuerat.
859 1919 895 1972 vt
920 1919 1013 1972 esset
1039 1928 1115 1972 cum
1142 1905 1209 1974 illo.
1258 1905 1301 1973 Et
1325 1927 1394 1972 non

220 2009 357 2077 admisit
381 2033 471 2078 eum.
502 2012 565 2078 sed
589 2011 636 2079 ait
660 2011 715 2079 illi.
763 2012 863 2079 Vade
887 2013 918 2079 in
945 2014 1086 2079 domum
1117 2025 1210 2079 tuam
1236 2014 1279 2079 ad
1304 2025 1393 2079 tuos.
1508 2054 1511 2058 -

219 2129 254 2184 et
278 2117 446 2185 annuncia
478 2117 541 2186 illis
574 2130 702 2206 quanta
733 2118 793 2186 tibi
823 2119 984 2187 dominus
1016 2119 1147 2186 fecerit.
1173 2132 1207 2186 et
1232 2120 1396 2187 misertus

219 2238 263 2292 sit
287 2237 345 2293 tur.

627 2405 821 2472 Secundum
845 2406 985 2473 Lucam.

329 2530 372 2606 In
401 2538 458 2606 illo
483 2551 651 2627 tempore.
700 2539 784 2606 Erat
809 2539 926 2607 ihesus
951 2539 1092 2628 eijciens
1117 2539 1331 2606 demonium:
1364 2553 1397 2605 et

221 2653 303 2720 illud
336 2670 410 2722 erat
444 2669 587 2725 mutum.
635 2656 678 2723 Et
708 2680 786 2723 cum
818 2656 978 2724 eiecisset
1010 2656 1224 2723 demonium:
1259 2656 1396 2722 locutus

222 2774 275 2828 est
299 2775 429 2830 mutus:
455 2776 489 2830 et
513 2763 682 2830 admirate
706 2777 785 2831 sunt
810 2765 920 2830 turbe.
961 2763 1110 2848 Quidam
1137 2777 1251 2830 autern
1276 2785 1320 2829 ex
1345 2762 1397 2829 eis

222 2869 393 2937 dixerunt.
440 2871 477 2936 ln
510 2871 700 2938 beelzebub
735 2869 891 2958 principe
925 2870 1182 2938 demoniorum:
1216 2869 1306 2958 ejicit
1339 2869 1395 2936 de·

224 2977 337 3044 monia
361 2977 404 3043 Et
428 2976 483 3066 alij
508 2991 717 3066 temptantes
738 2979 877 3065 signum
898 2980 941 3045 de
966 2979 1040 3045 celo
1061 2980 1254 3066 querebant
1273 2979 1317 3044 ab
1342 2999 1395 3044 eo,

223 3083 301 3171 lpse
325 3096 441 3151 autem
465 3098 503 3152 vt
528 3085 612 3152 vidit
637 3086 868 3173 cogitationes
893 3108 1031 3152 eorum:
1064 3085 1149 3152 dixit
1174 3084 1234 3152 eis,
1283 3083 1398 3152 Omne

223 3214 370 3278 regnum
396 3193 428 3260 in
453 3193 607 3281 seipsum
633 3193 781 3260 diuisum
807 3193 1037 3260 desolabitur:
1070 3204 1103 3259 et
1134 3194 1260 3258 domus
1291 3215 1399 3279 supra

224 3300 364 3367 domum
390 3302 500 3368 cadat.
548 3299 586 3369 Si
612 3314 726 3368 autem
751 3315 784 3368 et
814 3301 978 3368 sathanas
1003 3300 1035 3366 in
1069 3299 1222 3386 seipsum
1248 3297 1396 3365 diuisum

223 3419 285 3476 est.
307 3410 485 3496 quomodo
502 3409 606 3476 stabit
627 3431 776 3496 regnum
797 3408 905 3496 ipsius
923 3407 1002 3496 quia
1019 3405 1131 3473 dicitis
1152 3405 1184 3473 in
1205 3406 1397 3472 beelzebub

223 3513 349 3602 ejicere
374 3537 429 3580 me
454 3517 625 3584 demonia.
673 3515 712 3584 Si
737 3527 850 3583 autem
876 3516 909 3582 in
935 3515 1126 3583 beelzebub
1146 3512 1259 3601 eijicio
1284 3513 1398 3579 demo-

223 3622 288 3689 nia.
313 3620 371 3709 filij
397 3623 505 3690 vestri
529 3623 561 3690 in
587 3647 656 3712 quo
677 3623 827 3712 eijiciunt
852 3623 1022 3690 demonia.
1071 3621 1153 3688 ldeo
1178 3621 1243 3706 ipsi
1268 3619 1400 3687 iudices

224 3729 333 3796 vestri
356 3743 467 3797 erunt.
514 3729 627 3798 Porro
659 3730 688 3798 si
719 3731 752 3798 in
777 3729 889 3817 digito
923 3730 976 3797 dei
1002 3728 1101 3818 eijcio
1126 3727 1296 3795 demonia.
1322 3749 1399 3813 pro·

224 3838 315 3904 fecto
348 3837 507 3924 pervenit
541 3837 573 3904 in
605 3861 670 3905 vos
708 3861 857 3926 regnum
893 3837 947 3904 dei
982 3836 1070 3904 Cum
1110 3835 1210 3902 fortis
1245 3848 1401 3902 armatus

225 3945 376 4012 custodit
400 3945 525 4012 atrium
550 3968 662 4014 suurn.
695 3946 726 4013 in
759 3968 845 4033 pace
874 3958 954 4012 sunt
985 3944 1101 4011 omnia
1132 3967 1199 4031 que
1231 3941 1399 4031 possidet.

225 4050 264 4120 Si
288 4066 402 4120 autem
433 4053 559 4120 fortior
582 4054 639 4120 illo
670 4053 919 4141 superueniens
950 4051 1073 4118 vicerit
1107 4073 1201 4117 eum:
1236 4049 1400 4116 Vniuersa

225 4182 322 4226 arma
353 4159 426 4227 eius
457 4162 570 4228 aufert
601 4161 633 4228 in
666 4161 791 4250 quibus
823 4160 1029 4228 confidebat.
1059 4171 1093 4225 et
1118 4157 1229 4246 spolia
1254 4156 1328 4224 eius
1353 4154 1399 4221 di-

225 4267 382 4336 stribuet.
435 4267 504 4352 Qui
538 4291 606 4335 non
638 4281 693 4335 est
725 4291 876 4335 mecum:
911 4280 1032 4333 contra
1066 4287 1121 4332 me
1146 4276 1217 4331 est.
1265 4263 1308 4330 Et
1342 4261 1399 4350 qui

225 4399 293 4443 non
323 4375 456 4463 colligit
488 4398 640 4443 mecum:
673 4376 856 4463 dispergit.
904 4373 994 4441 Cum
1027 4373 1224 4439 immundus
1258 4369 1401 4458 spiritus

225 4483 346 4551 exierit
371 4485 414 4551 ab
439 4482 578 4551 homine
607 4484 757 4550 ambulat
788 4505 851 4571 per
876 4483 951 4549 loca
983 4481 1150 4567 inaquosa
1175 4499 1325 4565 querens
1350 4498 1401 4542 re-
