<?xml version="1.0" encoding="UTF-8"?>
<!DOCTYPE html PUBLIC "-//W3C//DTD XHTML 1.0 Transitional//EN"
    "http://www.w3.org/TR/xhtml1/DTD/xhtml1-transitional.dtd">
<html xmlns="http://www.w3.org/1999/xhtml" xml:lang="en" lang="en">
 <head>
  <title>
</title>
<meta http-equiv="Content-Type" content="text/html;charset=utf-8" />
  <meta name='ocr-system' content='tesseract 3.04.00' />
  <meta name='ocr-capabilities' content='ocr_page ocr_carea ocr_par ocr_line ocrx_word'/>
</head>
<body>
  <div class='ocr_page' id='page_1' title='image "./manualecuratoru00freigoog_0100.png"; bbox 0 0 3534 5392; ppageno 0'>
   <div class='ocr_carea' id='block_1_1' title="bbox 818 523 862 590">
    <p class='ocr_par' dir='ltr' id='par_1_1' title="bbox 818 523 862 590">
     <span class='ocr_line' id='line_1_1' title="bbox 818 523 862 590; baseline -0.045 0"><span class='ocrx_word' id='word_1_1' title='bbox 818 523 862 590; x_wconf 85' lang='lat'>39</span> 
     </span>
    </p>
   </div>
   <div class='ocr_carea' id='block_1_2' title="bbox 652 767 1017 912">
    <p class='ocr_par' dir='ltr' id='par_1_2' title="bbox 652 767 1017 912">
     <span class='ocr_line' id='line_1_2' title="bbox 652 767 1017 912; baseline -0.008 -34"><span class='ocrx_word' id='word_1_2' title='bbox 652 769 844 912; x_wconf 85' lang='lat' dir='ltr'>Caput</span> <span class='ocrx_word' id='word_1_3' title='bbox 880 767 1017 876; x_wconf 90' lang='lat' dir='ltr'>VII.</span> 
     </span>
    </p>
   </div>
   <div class='ocr_carea' id='block_1_3' title="bbox 525 1018 1153 1120">
    <p class='ocr_par' dir='ltr' id='par_1_3' title="bbox 525 1018 1153 1120">
     <span class='ocr_line' id='line_1_3' title="bbox 525 1018 1153 1120; baseline -0.011 -18"><span class='ocrx_word' id='word_1_4' title='bbox 525 1018 787 1120; x_wconf 86' lang='lat' dir='ltr'>Sepulcrum</span> <span class='ocrx_word' id='word_1_5' title='bbox 816 1026 1109 1099; x_wconf 90' lang='lat' dir='ltr'>mortuorum.</span> <span class='ocrx_word' id='word_1_6' title='bbox 1128 1018 1153 1115; x_wconf 78' lang='lat'>1)</span> 
     </span>
    </p>
   </div>
   <div class='ocr_carea' id='block_1_4' title="bbox 247 1177 1426 1911">
    <p class='ocr_par' dir='ltr' id='par_1_4' title="bbox 247 1177 1426 1911">
     <span class='ocr_line' id='line_1_4' title="bbox 355 1177 1426 1269; baseline -0.006 -20"><span class='ocrx_word' id='word_1_7' title='bbox 355 1183 433 1250; x_wconf 93' lang='lat' dir='ltr'>Non</span> <span class='ocrx_word' id='word_1_8' title='bbox 460 1181 568 1249; x_wconf 84' lang='lat' dir='ltr'>intres</span> <span class='ocrx_word' id='word_1_9' title='bbox 593 1180 624 1247; x_wconf 91' lang='lat' dir='ltr'>in</span> <span class='ocrx_word' id='word_1_10' title='bbox 645 1179 811 1269; x_wconf 91' lang='lat' dir='ltr'>judicium</span> <span class='ocrx_word' id='word_1_11' title='bbox 836 1202 915 1247; x_wconf 91' lang='lat' dir='ltr'>cum</span> <span class='ocrx_word' id='word_1_12' title='bbox 945 1202 1049 1246; x_wconf 89' lang='lat' dir='ltr'>seruo</span> <span class='ocrx_word' id='word_1_13' title='bbox 1075 1191 1135 1245; x_wconf 92' lang='lat' dir='ltr'>tuo</span> <span class='ocrx_word' id='word_1_14' title='bbox 1160 1177 1313 1246; x_wconf 89' lang='lat' dir='ltr'>domine:</span> <span class='ocrx_word' id='word_1_15' title='bbox 1344 1200 1426 1266; x_wconf 93' lang='lat' dir='ltr'>quo-</span> 
     </span>
     <span class='ocr_line' id='line_1_5' title="bbox 249 1284 1424 1375; baseline -0.005 -18"><span class='ocrx_word' id='word_1_16' title='bbox 249 1291 338 1359; x_wconf 91' lang='lat' dir='ltr'>niam</span> <span class='ocrx_word' id='word_1_17' title='bbox 362 1290 475 1356; x_wconf 91' lang='lat' dir='ltr'>nullus</span> <span class='ocrx_word' id='word_1_18' title='bbox 508 1289 600 1375; x_wconf 91' lang='lat' dir='ltr'>apud</span> <span class='ocrx_word' id='word_1_19' title='bbox 630 1301 664 1355; x_wconf 86' lang='lat' dir='ltr'>te</span> <span class='ocrx_word' id='word_1_20' title='bbox 694 1287 935 1354; x_wconf 91' lang='lat' dir='ltr'>iustificabitur</span> <span class='ocrx_word' id='word_1_21' title='bbox 964 1286 1081 1353; x_wconf 93' lang='lat' dir='ltr'>hom0.</span> <span class='ocrx_word' id='word_1_22' title='bbox 1114 1284 1178 1352; x_wconf 91' lang='lat' dir='ltr'>nisi</span> <span class='ocrx_word' id='word_1_23' title='bbox 1208 1308 1271 1374; x_wconf 90' lang='lat' dir='ltr'>per</span> <span class='ocrx_word' id='word_1_24' title='bbox 1296 1297 1330 1352; x_wconf 90' lang='lat' dir='ltr'>te</span> <span class='ocrx_word' id='word_1_25' title='bbox 1355 1302 1424 1351; x_wconf 90' lang='lat' dir='ltr'>om-</span> 
     </span>
     <span class='ocr_line' id='line_1_6' title="bbox 248 1392 1426 1485; baseline -0.007 -19"><span class='ocrx_word' id='word_1_26' title='bbox 248 1399 341 1466; x_wconf 92' lang='lat' dir='ltr'>nium</span> <span class='ocrx_word' id='word_1_27' title='bbox 381 1409 607 1485; x_wconf 89' lang='lat' dir='ltr'>peccatorum</span> <span class='ocrx_word' id='word_1_28' title='bbox 649 1395 820 1462; x_wconf 83' lang='lat' dir='ltr'>tribuatur</span> <span class='ocrx_word' id='word_1_29' title='bbox 860 1393 1032 1461; x_wconf 84' lang='lat' dir='ltr'>remissio</span> <span class='ocrx_word' id='word_1_30' title='bbox 1094 1392 1172 1460; x_wconf 94' lang='lat' dir='ltr'>Non</span> <span class='ocrx_word' id='word_1_31' title='bbox 1218 1415 1307 1480; x_wconf 88' lang='lat' dir='ltr'>ergo</span> <span class='ocrx_word' id='word_1_32' title='bbox 1347 1413 1426 1459; x_wconf 91' lang='lat' dir='ltr'>eum</span> 
     </span>
     <span class='ocr_line' id='line_1_7' title="bbox 247 1492 1425 1593; baseline -0.005 -21"><span class='ocrx_word' id='word_1_33' title='bbox 247 1526 437 1593; x_wconf 88' lang='lat' dir='ltr'>quesumus</span> <span class='ocrx_word' id='word_1_34' title='bbox 470 1516 529 1571; x_wconf 95' lang='lat' dir='ltr'>tua</span> <span class='ocrx_word' id='word_1_35' title='bbox 549 1492 721 1591; x_wconf 83' lang='lat' dir='ltr'>¹judicialis</span> <span class='ocrx_word' id='word_1_36' title='bbox 747 1500 917 1569; x_wconf 86' lang='lat' dir='ltr'>sententia</span> <span class='ocrx_word' id='word_1_37' title='bbox 946 1513 1093 1589; x_wconf 90' lang='lat' dir='ltr'>premat.</span> <span class='ocrx_word' id='word_1_38' title='bbox 1120 1523 1223 1589; x_wconf 89' lang='lat' dir='ltr'>quem</span> <span class='ocrx_word' id='word_1_39' title='bbox 1255 1499 1314 1567; x_wconf 91' lang='lat' dir='ltr'>tibi</span> <span class='ocrx_word' id='word_1_40' title='bbox 1339 1522 1425 1567; x_wconf 87' lang='lat' dir='ltr'>vera</span> 
     </span>
     <span class='ocr_line' id='line_1_8' title="bbox 247 1605 1426 1700; baseline -0.005 -21"><span class='ocrx_word' id='word_1_41' title='bbox 247 1611 454 1700; x_wconf 89' lang='lat' dir='ltr'>supplicatio</span> <span class='ocrx_word' id='word_1_42' title='bbox 479 1609 559 1677; x_wconf 90' lang='lat' dir='ltr'>fidei</span> <span class='ocrx_word' id='word_1_43' title='bbox 588 1609 752 1676; x_wconf 90' lang='lat' dir='ltr'>cristiane</span> <span class='ocrx_word' id='word_1_44' title='bbox 781 1609 1011 1675; x_wconf 87' lang='lat' dir='ltr'>commendat.</span> <span class='ocrx_word' id='word_1_45' title='bbox 1059 1606 1132 1676; x_wconf 89' lang='lat' dir='ltr'>Sed</span> <span class='ocrx_word' id='word_1_46' title='bbox 1156 1606 1272 1694; x_wconf 89' lang='lat' dir='ltr'>gratia</span> <span class='ocrx_word' id='word_1_47' title='bbox 1295 1619 1354 1674; x_wconf 92' lang='lat' dir='ltr'>tua</span> <span class='ocrx_word' id='word_1_48' title='bbox 1379 1605 1426 1673; x_wconf 95' lang='lat' dir='ltr'>illi</span> 
     </span>
     <span class='ocr_line' id='line_1_9' title="bbox 248 1714 1423 1803; baseline -0.005 -17"><span class='ocrx_word' id='word_1_49' title='bbox 248 1730 485 1786; x_wconf 87' lang='lat' dir='ltr'>succurrente.</span> <span class='ocrx_word' id='word_1_50' title='bbox 516 1729 692 1784; x_wconf 88' lang='lat' dir='ltr'>mereatur</span> <span class='ocrx_word' id='word_1_51' title='bbox 717 1716 868 1783; x_wconf 90' lang='lat' dir='ltr'>euadere</span> <span class='ocrx_word' id='word_1_52' title='bbox 899 1714 1234 1788; x_wconf 91' lang='lat' dir='ltr'>iudiciumvltionis.</span> <span class='ocrx_word' id='word_1_53' title='bbox 1260 1714 1423 1803; x_wconf 90' lang='lat' dir='ltr'>quidum</span> 
     </span>
     <span class='ocr_line' id='line_1_10' title="bbox 248 1821 1423 1911; baseline -0.003 -18"><span class='ocrx_word' id='word_1_54' title='bbox 248 1827 384 1893; x_wconf 85' lang='lat' dir='ltr'>uiueret</span> <span class='ocrx_word' id='word_1_55' title='bbox 407 1823 592 1911; x_wconf 89' lang='lat' dir='ltr'>insignitus</span> <span class='ocrx_word' id='word_1_56' title='bbox 617 1836 670 1890; x_wconf 89' lang='lat' dir='ltr'>est</span> <span class='ocrx_word' id='word_1_57' title='bbox 694 1823 875 1910; x_wconf 89' lang='lat' dir='ltr'>signaculo</span> <span class='ocrx_word' id='word_1_58' title='bbox 903 1834 1023 1890; x_wconf 90' lang='lat' dir='ltr'>sancte</span> <span class='ocrx_word' id='word_1_59' title='bbox 1046 1821 1217 1890; x_wconf 79' lang='lat' dir='ltr'>trinitatis</span> <span class='ocrx_word' id='word_1_60' title='bbox 1257 1821 1302 1890; x_wconf 90' lang='lat' dir='ltr'>·P.</span> <span class='ocrx_word' id='word_1_61' title='bbox 1329 1821 1423 1890; x_wconf 91' lang='lat' dir='ltr'>crist.</span> 
     </span>
    </p>
   </div>
   <div class='ocr_carea' id='block_1_5' title="bbox 249 1936 1427 2492">
    <p class='ocr_par' dir='ltr' id='par_1_5' title="bbox 251 1936 1427 2146">
     <span class='ocr_line' id='line_1_11' title="bbox 358 1936 1427 2025; baseline -0.004 -17"><span class='ocrx_word' id='word_1_62' title='bbox 358 1936 403 2008; x_wconf 80' lang='lat' dir='ltr'>R.</span> <span class='ocrx_word' id='word_1_63' title='bbox 427 1939 619 2009; x_wconf 89' lang='lat' dir='ltr'>Subvenite</span> <span class='ocrx_word' id='word_1_64' title='bbox 643 1939 752 2007; x_wconf 90' lang='lat' dir='ltr'>sancti</span> <span class='ocrx_word' id='word_1_65' title='bbox 778 1939 833 2006; x_wconf 89' lang='lat' dir='ltr'>dei</span> <span class='ocrx_word' id='word_1_66' title='bbox 858 1939 1033 2006; x_wconf 88' lang='lat' dir='ltr'>occurrite</span> <span class='ocrx_word' id='word_1_67' title='bbox 1056 1938 1172 2025; x_wconf 88' lang='lat' dir='ltr'>angeli</span> <span class='ocrx_word' id='word_1_68' title='bbox 1201 1937 1331 2006; x_wconf 91' lang='lat' dir='ltr'>domini</span> <span class='ocrx_word' id='word_1_69' title='bbox 1355 1960 1427 2005; x_wconf 91' lang='lat' dir='ltr'>sus·</span> 
     </span>
     <span class='ocr_line' id='line_1_12' title="bbox 251 2053 1424 2146; baseline -0.003 -22"><span class='ocrx_word' id='word_1_70' title='bbox 251 2057 416 2146; x_wconf 89' lang='lat' dir='ltr'>cipientes</span> <span class='ocrx_word' id='word_1_71' title='bbox 436 2056 584 2124; x_wconf 90' lang='lat' dir='ltr'>animam</span> <span class='ocrx_word' id='word_1_72' title='bbox 605 2055 681 2123; x_wconf 91' lang='lat' dir='ltr'>eius</span> <span class='ocrx_word' id='word_1_73' title='bbox 694 2055 883 2123; x_wconf 83' lang='lat' dir='ltr'>offerentes</span> <span class='ocrx_word' id='word_1_74' title='bbox 901 2077 978 2122; x_wconf 92' lang='lat' dir='ltr'>eam</span> <span class='ocrx_word' id='word_1_75' title='bbox 996 2055 1029 2122; x_wconf 93' lang='lat' dir='ltr'>in</span> <span class='ocrx_word' id='word_1_76' title='bbox 1049 2066 1238 2142; x_wconf 89' lang='lat' dir='ltr'>conspectu</span> <span class='ocrx_word' id='word_1_77' title='bbox 1256 2053 1424 2121; x_wconf 86' lang='lat' dir='ltr'>altissimi.</span> 
     </span>
    </p>

    <p class='ocr_par' dir='ltr' id='par_1_6' title="bbox 249 2165 1424 2358">
     <span class='ocr_line' id='line_1_13' title="bbox 355 2165 1424 2259; baseline -0.005 -18"><span class='ocrx_word' id='word_1_78' title='bbox 355 2165 576 2242; x_wconf 90' lang='lat' dir='ltr'>Versiculus.</span> <span class='ocrx_word' id='word_1_79' title='bbox 625 2170 765 2239; x_wconf 90' lang='lat' dir='ltr'>Chorus</span> <span class='ocrx_word' id='word_1_80' title='bbox 794 2172 1001 2257; x_wconf 88' lang='lat' dir='ltr'>angelorum</span> <span class='ocrx_word' id='word_1_81' title='bbox 1031 2193 1108 2238; x_wconf 88' lang='lat' dir='ltr'>eam</span> <span class='ocrx_word' id='word_1_82' title='bbox 1138 2169 1304 2259; x_wconf 90' lang='lat' dir='ltr'>suscipiat</span> <span class='ocrx_word' id='word_1_83' title='bbox 1334 2170 1424 2237; x_wconf 90' lang='lat' dir='ltr'>etin</span> 
     </span>
     <span class='ocr_line' id='line_1_14' title="bbox 249 2289 759 2358; baseline -0.006 0"><span class='ocrx_word' id='word_1_84' title='bbox 249 2291 324 2358; x_wconf 92' lang='lat' dir='ltr'>sinu</span> <span class='ocrx_word' id='word_1_85' title='bbox 348 2290 478 2357; x_wconf 88' lang='lat' dir='ltr'>abrahe</span> <span class='ocrx_word' id='word_1_86' title='bbox 503 2311 579 2356; x_wconf 89' lang='lat' dir='ltr'>eam</span> <span class='ocrx_word' id='word_1_87' title='bbox 604 2289 759 2356; x_wconf 86' lang='lat' dir='ltr'>collocet.</span> 
     </span>
    </p>

    <p class='ocr_par' dir='ltr' id='par_1_7' title="bbox 355 2397 1150 2492">
     <span class='ocr_line' id='line_1_15' title="bbox 355 2397 1150 2492; baseline -0.009 -16"><span class='ocrx_word' id='word_1_88' title='bbox 355 2397 600 2476; x_wconf 88' lang='lat' dir='ltr'>Offertorium.</span> <span class='ocrx_word' id='word_1_89' title='bbox 648 2404 783 2492; x_wconf 91' lang='lat' dir='ltr'>Kyriel.</span> <span class='ocrx_word' id='word_1_90' title='bbox 837 2402 969 2471; x_wconf 86' lang='lat' dir='ltr'>Cristel.</span> <span class='ocrx_word' id='word_1_91' title='bbox 1016 2402 1150 2491; x_wconf 89' lang='lat' dir='ltr'>Kyriel.</span> 
     </span>
    </p>
   </div>
   <div class='ocr_carea' id='block_1_6' title="bbox 776 2592 906 2660">
    <p class='ocr_par' dir='ltr' id='par_1_8' title="bbox 776 2592 906 2660">
     <span class='ocr_line' id='line_1_16' title="bbox 776 2592 906 2660; baseline -0.015 0"><span class='ocrx_word' id='word_1_92' title='bbox 776 2592 906 2660; x_wconf 80' lang='lat' dir='ltr'>Oratro.</span> 
     </span>
    </p>
   </div>
   <div class='ocr_carea' id='block_1_7' title="bbox 247 2717 1425 3554">
    <p class='ocr_par' dir='ltr' id='par_1_9' title="bbox 247 2717 1425 3554">
     <span class='ocr_line' id='line_1_17' title="bbox 356 2717 1425 2812; baseline -0.001 -27"><span class='ocrx_word' id='word_1_93' title='bbox 356 2719 453 2786; x_wconf 88' lang='lat' dir='ltr'>Deus</span> <span class='ocrx_word' id='word_1_94' title='bbox 488 2719 539 2786; x_wconf 92' lang='lat' dir='ltr'>cui</span> <span class='ocrx_word' id='word_1_95' title='bbox 572 2719 688 2786; x_wconf 89' lang='lat' dir='ltr'>omnia</span> <span class='ocrx_word' id='word_1_96' title='bbox 712 2719 841 2786; x_wconf 86' lang='lat' dir='ltr'>uiuunt.</span> <span class='ocrx_word' id='word_1_97' title='bbox 864 2730 901 2812; x_wconf 82' lang='lat' dir='ltr'>et</span> <span class='ocrx_word' id='word_1_98' title='bbox 925 2717 978 2784; x_wconf 92' lang='lat' dir='ltr'>cui</span> <span class='ocrx_word' id='word_1_99' title='bbox 1003 2740 1071 2784; x_wconf 93' lang='lat' dir='ltr'>non</span> <span class='ocrx_word' id='word_1_100' title='bbox 1104 2731 1250 2805; x_wconf 90' lang='lat' dir='ltr'>percunt</span> <span class='ocrx_word' id='word_1_101' title='bbox 1275 2739 1425 2805; x_wconf 90' lang='lat' dir='ltr'>corpora</span> 
     </span>
     <span class='ocr_line' id='line_1_18' title="bbox 248 2823 1425 2912; baseline -0.002 -20"><span class='ocrx_word' id='word_1_102' title='bbox 248 2838 367 2893; x_wconf 87' lang='lat' dir='ltr'>nostra</span> <span class='ocrx_word' id='word_1_103' title='bbox 393 2826 584 2893; x_wconf 91' lang='lat' dir='ltr'>moriendo.</span> <span class='ocrx_word' id='word_1_104' title='bbox 609 2826 672 2892; x_wconf 90' lang='lat' dir='ltr'>sed</span> <span class='ocrx_word' id='word_1_105' title='bbox 702 2837 877 2891; x_wconf 92' lang='lat' dir='ltr'>mutantur</span> <span class='ocrx_word' id='word_1_106' title='bbox 901 2824 934 2891; x_wconf 90' lang='lat' dir='ltr'>in</span> <span class='ocrx_word' id='word_1_107' title='bbox 965 2823 1086 2891; x_wconf 89' lang='lat' dir='ltr'>melius</span> <span class='ocrx_word' id='word_1_108' title='bbox 1111 2836 1145 2890; x_wconf 85' lang='lat' dir='ltr'>te</span> <span class='ocrx_word' id='word_1_109' title='bbox 1169 2824 1345 2912; x_wconf 89' lang='lat' dir='ltr'>supplices</span> <span class='ocrx_word' id='word_1_110' title='bbox 1370 2824 1425 2890; x_wconf 90' lang='lat' dir='ltr'>de-</span> 
     </span>
     <span class='ocr_line' id='line_1_19' title="bbox 247 2930 1424 3021; baseline -0.002 -21"><span class='ocrx_word' id='word_1_111' title='bbox 247 2955 442 3021; x_wconf 86' lang='lat' dir='ltr'>precamur.</span> <span class='ocrx_word' id='word_1_112' title='bbox 491 2931 536 3000; x_wconf 87' lang='lat' dir='ltr'>Ut</span> <span class='ocrx_word' id='word_1_113' title='bbox 570 2932 699 3019; x_wconf 88' lang='lat' dir='ltr'>suscipi</span> <span class='ocrx_word' id='word_1_114' title='bbox 732 2933 851 2998; x_wconf 90' lang='lat' dir='ltr'>iubeas</span> <span class='ocrx_word' id='word_1_115' title='bbox 886 2931 1033 2998; x_wconf 86' lang='lat' dir='ltr'>animam</span> <span class='ocrx_word' id='word_1_116' title='bbox 1068 2930 1185 2998; x_wconf 87' lang='lat' dir='ltr'>famuli</span> <span class='ocrx_word' id='word_1_117' title='bbox 1214 2931 1262 2998; x_wconf 91' lang='lat' dir='ltr'>tui</span> <span class='ocrx_word' id='word_1_118' title='bbox 1293 2930 1335 2999; x_wconf 92' lang='lat' dir='ltr'>N.</span> <span class='ocrx_word' id='word_1_119' title='bbox 1361 2954 1424 3020; x_wconf 90' lang='lat' dir='ltr'>per</span> 
     </span>
     <span class='ocr_line' id='line_1_20' title="bbox 248 3037 1425 3125; baseline -0.002 -19"><span class='ocrx_word' id='word_1_120' title='bbox 248 3063 370 3107; x_wconf 90' lang='lat' dir='ltr'>manus</span> <span class='ocrx_word' id='word_1_121' title='bbox 403 3051 604 3108; x_wconf 89' lang='lat' dir='ltr'>sanctorum</span> <span class='ocrx_word' id='word_1_122' title='bbox 639 3039 846 3125; x_wconf 89' lang='lat' dir='ltr'>angelorum</span> <span class='ocrx_word' id='word_1_123' title='bbox 880 3050 1018 3105; x_wconf 93' lang='lat' dir='ltr'>tuorum</span> <span class='ocrx_word' id='word_1_124' title='bbox 1051 3038 1288 3105; x_wconf 86' lang='lat' dir='ltr'>deducendam</span> <span class='ocrx_word' id='word_1_125' title='bbox 1321 3038 1353 3105; x_wconf 92' lang='lat' dir='ltr'>in</span> <span class='ocrx_word' id='word_1_126' title='bbox 1383 3037 1425 3105; x_wconf 90' lang='lat' dir='ltr'>si-</span> 
     </span>
     <span class='ocr_line' id='line_1_21' title="bbox 247 3144 1425 3233; baseline -0.001 -20"><span class='ocrx_word' id='word_1_127' title='bbox 247 3169 328 3214; x_wconf 93' lang='lat' dir='ltr'>num</span> <span class='ocrx_word' id='word_1_128' title='bbox 353 3147 452 3214; x_wconf 92' lang='lat' dir='ltr'>amici</span> <span class='ocrx_word' id='word_1_129' title='bbox 477 3147 525 3215; x_wconf 93' lang='lat' dir='ltr'>tui</span> <span class='ocrx_word' id='word_1_130' title='bbox 550 3147 680 3214; x_wconf 90' lang='lat' dir='ltr'>abrahe</span> <span class='ocrx_word' id='word_1_131' title='bbox 703 3146 909 3233; x_wconf 90' lang='lat' dir='ltr'>patriarche.</span> <span class='ocrx_word' id='word_1_132' title='bbox 939 3144 1285 3233; x_wconf 89' lang='lat' dir='ltr'>resuscitandamque</span> <span class='ocrx_word' id='word_1_133' title='bbox 1309 3145 1341 3212; x_wconf 95' lang='lat' dir='ltr'>in</span> <span class='ocrx_word' id='word_1_134' title='bbox 1366 3169 1425 3212; x_wconf 90' lang='lat' dir='ltr'>no·</span> 
     </span>
     <span class='ocr_line' id='line_1_22' title="bbox 248 3252 1424 3342; baseline 0 -23"><span class='ocrx_word' id='word_1_135' title='bbox 248 3253 392 3321; x_wconf 91' lang='lat' dir='ltr'>vissimo</span> <span class='ocrx_word' id='word_1_136' title='bbox 428 3254 545 3342; x_wconf 89' lang='lat' dir='ltr'>magni</span> <span class='ocrx_word' id='word_1_137' title='bbox 580 3253 693 3341; x_wconf 86' lang='lat' dir='ltr'>iudicij</span> <span class='ocrx_word' id='word_1_138' title='bbox 728 3253 783 3321; x_wconf 93' lang='lat' dir='ltr'>die</span> <span class='ocrx_word' id='word_1_139' title='bbox 816 3266 850 3320; x_wconf 90' lang='lat' dir='ltr'>et</span> <span class='ocrx_word' id='word_1_140' title='bbox 881 3252 1047 3340; x_wconf 92' lang='lat' dir='ltr'>quidquid</span> <span class='ocrx_word' id='word_1_141' title='bbox 1078 3253 1259 3320; x_wconf 91' lang='lat' dir='ltr'>viciorum.</span> <span class='ocrx_word' id='word_1_142' title='bbox 1285 3252 1424 3320; x_wconf 83' lang='lat' dir='ltr'>fallente</span> 
     </span>
     <span class='ocr_line' id='line_1_23' title="bbox 247 3359 1424 3449; baseline -0.001 -22"><span class='ocrx_word' id='word_1_143' title='bbox 247 3361 401 3448; x_wconf 90' lang='lat' dir='ltr'>dyabolo</span> <span class='ocrx_word' id='word_1_144' title='bbox 436 3361 616 3428; x_wconf 88' lang='lat' dir='ltr'>contraxit.</span> <span class='ocrx_word' id='word_1_145' title='bbox 650 3375 687 3428; x_wconf 93' lang='lat' dir='ltr'>tu</span> <span class='ocrx_word' id='word_1_146' title='bbox 719 3360 797 3449; x_wconf 90' lang='lat' dir='ltr'>pius</span> <span class='ocrx_word' id='word_1_147' title='bbox 831 3373 864 3427; x_wconf 91' lang='lat' dir='ltr'>et</span> <span class='ocrx_word' id='word_1_148' title='bbox 901 3359 1101 3427; x_wconf 88' lang='lat' dir='ltr'>misericors</span> <span class='ocrx_word' id='word_1_149' title='bbox 1141 3361 1285 3427; x_wconf 88' lang='lat' dir='ltr'>absolue</span> <span class='ocrx_word' id='word_1_150' title='bbox 1318 3360 1424 3427; x_wconf 91' lang='lat' dir='ltr'>indul·</span> 
     </span>
     <span class='ocr_line' id='line_1_24' title="bbox 247 3467 923 3554; baseline 0.001 -19"><span class='ocrx_word' id='word_1_151' title='bbox 247 3469 376 3554; x_wconf 80' lang='lat' dir='ltr'>gendo</span> <span class='ocrx_word' id='word_1_152' title='bbox 424 3467 491 3534; x_wconf 90' lang='lat' dir='ltr'>Per</span> <span class='ocrx_word' id='word_1_153' title='bbox 517 3468 609 3536; x_wconf 87' lang='lat' dir='ltr'>crist.</span> <span class='ocrx_word' id='word_1_154' title='bbox 635 3468 728 3536; x_wconf 92' lang='lat' dir='ltr'>dom.</span> <span class='ocrx_word' id='word_1_155' title='bbox 753 3481 923 3536; x_wconf 91' lang='lat' dir='ltr'>nostrum.</span> 
     </span>
    </p>
   </div>
   <div class='ocr_carea' id='block_1_8' title="bbox 355 3578 1423 3672">
    <p class='ocr_par' dir='ltr' id='par_1_10' title="bbox 355 3578 1423 3672">
     <span class='ocr_line' id='line_1_25' title="bbox 355 3578 1423 3672; baseline 0 -21"><span class='ocrx_word' id='word_1_156' title='bbox 355 3578 401 3651; x_wconf 66' lang='lat' dir='ltr'>B..</span> <span class='ocrx_word' id='word_1_157' title='bbox 437 3584 635 3672; x_wconf 84' lang='lat' dir='ltr'>Antequam</span> <span class='ocrx_word' id='word_1_158' title='bbox 672 3607 839 3652; x_wconf 90' lang='lat' dir='ltr'>noscerer</span> <span class='ocrx_word' id='word_1_159' title='bbox 875 3584 1002 3651; x_wconf 91' lang='lat' dir='ltr'>novisti</span> <span class='ocrx_word' id='word_1_160' title='bbox 1039 3607 1094 3650; x_wconf 91' lang='lat' dir='ltr'>me</span> <span class='ocrx_word' id='word_1_161' title='bbox 1129 3584 1278 3652; x_wconf 89' lang='lat' dir='ltr'>domine.</span> <span class='ocrx_word' id='word_1_162' title='bbox 1315 3596 1348 3651; x_wconf 92' lang='lat' dir='ltr'>et</span> <span class='ocrx_word' id='word_1_163' title='bbox 1380 3584 1423 3650; x_wconf 90' lang='lat' dir='ltr'>ad</span> 
     </span>
    </p>
   </div>
   <div class='ocr_carea' id='block_1_9' title="bbox 246 3699 1423 3876">
    <p class='ocr_par' dir='ltr' id='par_1_11' title="bbox 246 3699 1423 3876">
     <span class='ocr_line' id='line_1_26' title="bbox 246 3699 1423 3786; baseline 0.001 -20"><span class='ocrx_word' id='word_1_164' title='bbox 246 3699 434 3786; x_wconf 88' lang='lat' dir='ltr'>imaginem</span> <span class='ocrx_word' id='word_1_165' title='bbox 455 3712 548 3768; x_wconf 90' lang='lat' dir='ltr'>tuam</span> <span class='ocrx_word' id='word_1_166' title='bbox 570 3724 625 3768; x_wconf 91' lang='lat' dir='ltr'>me</span> <span class='ocrx_word' id='word_1_167' title='bbox 644 3700 803 3769; x_wconf 87' lang='lat' dir='ltr'>formasti</span> <span class='ocrx_word' id='word_1_168' title='bbox 825 3701 929 3767; x_wconf 91' lang='lat' dir='ltr'>modo</span> <span class='ocrx_word' id='word_1_169' title='bbox 954 3701 1062 3768; x_wconf 90' lang='lat' dir='ltr'>redde</span> <span class='ocrx_word' id='word_1_170' title='bbox 1084 3699 1145 3767; x_wconf 92' lang='lat' dir='ltr'>tibi</span> <span class='ocrx_word' id='word_1_171' title='bbox 1170 3699 1321 3767; x_wconf 88' lang='lat' dir='ltr'>creatori</span> <span class='ocrx_word' id='word_1_172' title='bbox 1345 3723 1423 3767; x_wconf 91' lang='lat' dir='ltr'>meo</span> 
     </span>
     <span class='ocr_line' id='line_1_27' title="bbox 247 3805 567 3876; baseline 0.009 -4"><span class='ocrx_word' id='word_1_173' title='bbox 247 3805 396 3873; x_wconf 92' lang='lat' dir='ltr'>animam</span> <span class='ocrx_word' id='word_1_174' title='bbox 423 3830 567 3876; x_wconf 85' lang='lat' dir='ltr'>meam.¹</span> 
     </span>
    </p>
   </div>
   <div class='ocr_carea' id='block_1_10' title="bbox 247 3915 1424 4109">
    <p class='ocr_par' dir='ltr' id='par_1_12' title="bbox 247 3915 1424 4109">
     <span class='ocr_line' id='line_1_28' title="bbox 353 3915 1424 4013; baseline -0.004 -21"><span class='ocrx_word' id='word_1_175' title='bbox 353 3915 574 3992; x_wconf 81' lang='lat' dir='ltr'>Versiculos</span> <span class='ocrx_word' id='word_1_176' title='bbox 623 3923 821 3992; x_wconf 91' lang='lat' dir='ltr'>Commissa</span> <span class='ocrx_word' id='word_1_177' title='bbox 847 3948 923 3992; x_wconf 91' lang='lat' dir='ltr'>mea</span> <span class='ocrx_word' id='word_1_178' title='bbox 951 3925 1090 3992; x_wconf 90' lang='lat' dir='ltr'>domine</span> <span class='ocrx_word' id='word_1_179' title='bbox 1114 3947 1269 4013; x_wconf 89' lang='lat' dir='ltr'>pauesco</span> <span class='ocrx_word' id='word_1_180' title='bbox 1290 3935 1324 3991; x_wconf 89' lang='lat' dir='ltr'>et</span> <span class='ocrx_word' id='word_1_181' title='bbox 1344 3934 1424 3989; x_wconf 89' lang='lat' dir='ltr'>ante</span> 
     </span>
     <span class='ocr_line' id='line_1_29' title="bbox 247 4040 1366 4109; baseline 0.003 -6"><span class='ocrx_word' id='word_1_182' title='bbox 247 4049 281 4104; x_wconf 90' lang='lat' dir='ltr'>te</span> <span class='ocrx_word' id='word_1_183' title='bbox 305 4040 487 4108; x_wconf 89' lang='lat' dir='ltr'>erubesco.</span> <span class='ocrx_word' id='word_1_184' title='bbox 513 4041 594 4106; x_wconf 94' lang='lat' dir='ltr'>dum</span> <span class='ocrx_word' id='word_1_185' title='bbox 621 4042 759 4108; x_wconf 89' lang='lat' dir='ltr'>veneris</span> <span class='ocrx_word' id='word_1_186' title='bbox 783 4040 937 4108; x_wconf 89' lang='lat' dir='ltr'>iudicare</span> <span class='ocrx_word' id='word_1_187' title='bbox 961 4041 1029 4108; x_wconf 93' lang='lat' dir='ltr'>noli</span> <span class='ocrx_word' id='word_1_188' title='bbox 1056 4064 1110 4108; x_wconf 92' lang='lat' dir='ltr'>me</span> <span class='ocrx_word' id='word_1_189' title='bbox 1135 4041 1366 4109; x_wconf 89' lang='lat' dir='ltr'>condennare.</span> 
     </span>
    </p>
   </div>
   <div class='ocr_carea' id='block_1_11' title="bbox 353 4147 1035 4246">
    <p class='ocr_par' dir='ltr' id='par_1_13' title="bbox 353 4147 1035 4246">
     <span class='ocr_line' id='line_1_30' title="bbox 353 4147 1035 4246; baseline 0.009 -26"><span class='ocrx_word' id='word_1_190' title='bbox 353 4154 470 4224; x_wconf 89' lang='lat' dir='ltr'>Modo.</span> <span class='ocrx_word' id='word_1_191' title='bbox 516 4147 658 4244; x_wconf 88' lang='lat' dir='ltr'>Kyriel.</span> <span class='ocrx_word' id='word_1_192' title='bbox 706 4148 847 4227; x_wconf 87' lang='lat' dir='ltr'>Cristel.</span> <span class='ocrx_word' id='word_1_193' title='bbox 894 4149 1035 4246; x_wconf 89' lang='lat' dir='ltr'>Kyriel.</span> 
     </span>
    </p>
   </div>
   <div class='ocr_carea' id='block_1_12' title="bbox 246 4450 1421 4612">
    <p class='ocr_par' dir='ltr' id='par_1_14' title="bbox 246 4450 1421 4612">
     <span class='ocr_line' id='line_1_31' title="bbox 355 4450 1421 4521; baseline -0.001 -17"><span class='ocrx_word' id='word_1_194' title='bbox 355 4451 374 4516; x_wconf 93' lang='lat'>¹)</span> <span class='ocrx_word' id='word_1_195' title='bbox 395 4451 481 4504; x_wconf 88' lang='lat' dir='ltr'>Auch</span> <span class='ocrx_word' id='word_1_196' title='bbox 505 4450 603 4505; x_wconf 88' lang='lat' dir='ltr'>dieser</span> <span class='ocrx_word' id='word_1_197' title='bbox 622 4450 708 4504; x_wconf 90' lang='lat' dir='ltr'>Ritus</span> <span class='ocrx_word' id='word_1_198' title='bbox 731 4451 838 4505; x_wconf 89' lang='lat' dir='ltr'>weicht</span> <span class='ocrx_word' id='word_1_199' title='bbox 859 4453 896 4505; x_wconf 92' lang='lat' dir='ltr'>ab</span> <span class='ocrx_word' id='word_1_200' title='bbox 920 4469 991 4506; x_wconf 92' lang='lat' dir='ltr'>vom</span> <span class='ocrx_word' id='word_1_201' title='bbox 1011 4451 1130 4506; x_wconf 91' lang='lat' dir='ltr'>Rituale</span> <span class='ocrx_word' id='word_1_202' title='bbox 1149 4450 1236 4504; x_wconf 90' lang='lat' dir='ltr'>Rom.</span> <span class='ocrx_word' id='word_1_203' title='bbox 1257 4468 1284 4521; x_wconf 90' lang='lat' dir='ltr'>p.</span> <span class='ocrx_word' id='word_1_204' title='bbox 1307 4466 1357 4520; x_wconf 89' lang='lat'>154</span> <span class='ocrx_word' id='word_1_205' title='bbox 1376 4467 1421 4520; x_wconf 93' lang='lat' dir='ltr'>sq.</span> 
     </span>
     <span class='ocr_line' id='line_1_32' title="bbox 246 4536 1131 4612; baseline 0.007 -22"><span class='ocrx_word' id='word_1_206' title='bbox 246 4536 304 4591; x_wconf 90' lang='lat' dir='ltr'>wie</span> <span class='ocrx_word' id='word_1_207' title='bbox 324 4540 397 4593; x_wconf 90' lang='lat' dir='ltr'>auch</span> <span class='ocrx_word' id='word_1_208' title='bbox 417 4558 474 4594; x_wconf 91' lang='lat' dir='ltr'>von</span> <span class='ocrx_word' id='word_1_209' title='bbox 495 4541 549 4595; x_wconf 90' lang='lat' dir='ltr'>der</span> <span class='ocrx_word' id='word_1_210' title='bbox 568 4541 695 4609; x_wconf 88' lang='lat' dir='ltr'>Agenda</span> <span class='ocrx_word' id='word_1_211' title='bbox 715 4540 856 4596; x_wconf 90' lang='lat' dir='ltr'>Mindens.</span> <span class='ocrx_word' id='word_1_212' title='bbox 877 4540 922 4596; x_wconf 86' lang='lat' dir='ltr'>fol.</span> <span class='ocrx_word' id='word_1_213' title='bbox 944 4540 1067 4596; x_wconf 91' lang='lat' dir='ltr'>XXXV.</span> <span class='ocrx_word' id='word_1_214' title='bbox 1088 4558 1131 4612; x_wconf 89' lang='lat' dir='ltr'>sq.</span> 
     </span>
    </p>
   </div>
   <div class='ocr_carea' id='block_1_13' title="bbox 0 0 1772 5392">
    <p class='ocr_par' dir='ltr' id='par_1_15' title="bbox 0 0 1772 5392">
     <span class='ocr_line' id='line_1_33' title="bbox 0 0 1772 5392; baseline 0 1"><span class='ocrx_word' id='word_1_215' title='bbox 0 0 1772 5392; x_wconf 95' lang='lat' dir='ltr'> </span> 
     </span>
    </p>
   </div>
  </div>
 </body>
</html>
