3570 5402
820 523 860 589 13

310 699 443 767 Deinde
457 701 551 786 feeit
572 723 702 766 crnceen
726 721 800 768 enen
819 698 938 787 pollice
962 699 995 764 e'n
1020 698 1143 764 dextra
1166 720 1271 764 menn
1295 699 1367 763 eins

757 805 880 872 dicens.
896 807 926 886 1),

355 951 495 1046 Accipe
521 957 740 1044 signaculum
774 969 893 1024 sancte
917 957 1032 1024 crucis
1043 958 1065 1038 l·
1077 956 1109 1024 in
1135 979 1238 1023 manu
1264 969 1323 1023 tua
1346 955 1426 1022 dex-

249 1087 334 1142 tera.
359 1097 428 1163 quo
460 1087 494 1141 te
518 1073 649 1161 signes.
676 1086 709 1141 et
738 1085 772 1141 te
798 1073 840 1140 de
870 1072 1075 1140 aduersario
1100 1084 1160 1140 tuo
1186 1072 1362 1140 defendas
1388 1084 1426 1139 vt

249 1181 377 1249 habeas
402 1181 508 1249 vitam
533 1193 688 1249 eternam
713 1193 747 1248 et
771 1180 871 1248 viuas
897 1202 974 1247 cum
1003 1180 1069 1247 deo
1095 1179 1127 1247 in
1153 1180 1270 1248 secula
1294 1179 1425 1247 seculo-

249 1311 335 1356 rum.
382 1289 505 1356 Amen.

681 1445 691 1454 a

653 1465 817 1533 intrando
841 1467 1022 1533 ecclesiane.

353 1610 551 1706 Ingredere
583 1617 616 1684 in
640 1618 806 1707 templum
831 1617 886 1685 dei
915 1629 952 1685 vt
976 1619 1107 1686 habeas
1137 1618 1243 1686 vitam
1269 1631 1424 1686 eternam

246 1749 280 1803 et
304 1734 405 1802 viuas
430 1756 507 1801 cum
534 1733 640 1801 cristo
666 1733 700 1800 in
724 1734 841 1802 secula
865 1735 1074 1802 seculorum.
1122 1735 1247 1802 Amen.

468 1913 576 2001 Apud
587 1914 722 1999 fontem
740 1915 826 2001 pent
847 1916 1023 1980 nominari
1037 1924 1193 2002 pnernen.

353 2057 602 2133 Abrenuncias
627 2065 780 2132 sathane.
828 2065 1063 2133 Abrenuncio.

353 2180 404 2259 Et
429 2189 588 2258 omnibus
613 2190 779 2278 operibus
803 2191 887 2259 eius,
935 2191 1172 2260 Abrenunci0.

351 2305 402 2384 Et
427 2314 587 2382 omnibus
611 2315 750 2404 pompis
775 2316 858 2384 eius
906 2317 1142 2384 Abrenuncio.

451 2503 670 2570 Nonn'nendo
695 2506 816 2571 nerum
840 2529 960 2571 noenen
977 2507 1081 2593 pnert'
1102 2508 1220 2593 qnere't.

352 2639 496 2724 Credis'
526 2653 557 2721 in
597 2655 699 2722 deum
738 2669 874 2744 patrem
910 2655 1182 2746 omnipotentem
1226 2668 1421 2723 creatorem

246 2769 309 2836 celi
333 2782 366 2837 et
390 2784 492 2837 terre.

351 2877 601 2966 Respondeant.
650 2877 778 2946 Credo.

352 2984 481 3063 Credis
513 3007 547 3060 et
577 2994 609 3060 in
634 2993 768 3062 ihesum
794 2989 938 3062 c'ristum
971 2995 1076 3063 filium
1102 2997 1176 3064 eius
1200 2996 1339 3063 unicum
1364 2997 1421 3063 do-

245 3108 372 3176 minum
398 3122 558 3177 nostrum
584 3123 699 3177 natum
724 3123 757 3177 et
782 3134 935 3199 passum.

352 3216 601 3306 Respondeant.
650 3216 779 3286 Credo.

353 3323 481 3402 Credis
514 3346 551 3420 et
581 3334 614 3400 in
646 3334 805 3422 spiritum
837 3349 1005 3404 sanctum.
1045 3350 1200 3404 sanctam
1238 3337 1421 3405 ecclesiam

242 3644 403 3698 Tausritual
429 3662 488 3699 von
508 3644 637 3699 Skara:
664 3644 720 3698 Hic
745 3644 880 3700 effundas
900 3645 1024 3700 saliuam
1044 3646 1080 3700 de
1101 3635 1153 3700 ore
1172 3656 1223 3700 tuo
1242 3649 1270 3700 in
1289 3649 1421 3718 palmam
1517 3699 1520 3704 .

242 3733 357 3788 sinistre
384 3751 490 3788 manus
520 3743 549 3788 et
577 3734 703 3804 intingas
727 3733 866 3804 pollicem
892 3744 921 3788 et
944 3744 1049 3806 tangas
1075 3736 1232 3790 dexteram
1261 3736 1420 3791 auriculam

242 3821 357 3877 infantis
380 3823 480 3878 dicens
499 3822 610 3892 Effeta,
634 3825 711 3894 quod
731 3833 776 3878 est
795 3824 922 3894 aperire.
960 3825 1008 3878 Ad
1026 3841 1125 3879 nares,
1163 3825 1194 3879 ln
1213 3827 1336 3879 odorem
1357 3843 1421 3880 sua·

243 3910 349 3966 uitatis
393 3911 508 3967 Deinde
534 3913 573 3965 ad
597 3913 760 3967 auriculam
785 3913 934 3967 sinistram
959 3913 1076 3968 infantis
1101 3914 1209 3970 dicens
1252 3915 1297 3969 Tu
1321 3924 1419 3970 autem

244 3999 372 4070 effugare
392 4001 521 4056 diabole:
541 4018 663 4072 approp.
685 4011 739 4058 etc.
778 4002 948 4073 Quensel,
968 4003 1014 4058 cit.
1035 4021 1062 4074 p.
1085 4006 1143 4059 106.

351 4090 370 4155 ¹)
391 4088 468 4144 Dem
497 4090 612 4145 Rituale
645 4091 743 4160 Rom,
777 4093 831 4146 der
858 4093 987 4162 Agenda
1013 4092 1156 4148 Mindens.
1185 4095 1242 4148 und
1269 4093 1419 4162 heutigem

244 4176 329 4230 Ritus
352 4177 456 4234 fremd.
496 4179 557 4234 Das
576 4180 735 4235 Taufritual
760 4199 818 4236 von
838 4181 967 4236 Skara:
987 4181 1043 4236 Hic
1064 4182 1193 4253 accipias
1213 4199 1334 4237 manum
1353 4185 1421 4237 dex·

242 4274 338 4320 teram
357 4267 473 4322 infantis
492 4268 600 4323 dicens.
638 4270 739 4324 Trado
759 4271 809 4325 tibi
828 4271 1010 4340 signaculum
1029 4272 1077 4326 dei
1096 4272 1190 4343 patris
1211 4272 1420 4342 omnipotentis

241 4354 269 4408 in
302 4372 390 4410 manu
423 4366 472 4411 tua
501 4359 637 4412 dextera:
671 4369 700 4413 ut
729 4369 758 4414 te
786 4360 886 4430 signes
915 4370 945 4415 et
973 4363 1103 4415 adversa
1131 4378 1149 4414 a
1178 4370 1206 4416 te
1235 4362 1362 4432 repellas
1391 4372 1420 4417 et

241 4444 354 4499 habeas
388 4445 482 4501 vitam
517 4457 651 4502 eternam
687 4465 755 4503 cum
790 4451 846 4504 deo
883 4449 913 4503 in
949 4451 1049 4504 secula
1084 4451 1258 4506 seculorum.
1310 4451 1418 4507 Amen.

242 4533 412 4604 Quensel,
433 4535 479 4590 cit.
500 4554 528 4606 p.
551 4539 608 4592 106.
