3534 5392
339 660 403 744 Ab
430 671 522 738 omni
550 672 640 738 malo
1038 669 1146 737 libera
1170 691 1247 736 eum
1273 667 1411 737 domine

339 789 413 866 Per
439 797 739 865 annunciationem
764 810 798 863 et
823 796 997 864 natitatem

394 927 489 981 tuam
1036 912 1145 979 libera
1169 935 1247 979 eum
1273 911 1411 978 domine

341 1022 415 1099 Per
440 1053 580 1098 crucem
605 1042 638 1096 et
663 1029 862 1117 passionem
888 1042 983 1096 tuam
1033 1030 1052 1094 l.
1077 1052 1156 1096 eum
1182 1029 1214 1096 d.

340 1148 414 1225 Per
453 1169 607 1223 sanctam
646 1155 940 1223 resurrectionem
981 1166 1014 1221 et

393 1273 586 1361 gloriosam
611 1272 851 1339 ascensionem
877 1284 969 1338 tuam
1050 1272 1157 1338 libera
1177 1294 1254 1338 eum
1271 1269 1410 1336 domine

339 1381 413 1458 Per
438 1389 595 1477 graciam
619 1387 727 1456 sancti
753 1387 897 1476 spiritus
921 1411 1018 1476 para·

394 1505 464 1572 cliti
1022 1504 1076 1572 lib.
1101 1527 1180 1572 eum

340 1613 382 1689 In
408 1621 464 1689 die
487 1619 600 1709 iudicij
1036 1620 1143 1687 libera
1168 1645 1246 1688 eum
1272 1620 1411 1688 domine

341 1737 558 1814 Peccatores
991 1760 1024 1813 te
1048 1769 1219 1833 rogamus
1243 1745 1322 1814 audi
1348 1769 1411 1812 nos

280 1879 284 1888 '
341 1863 394 1941 Ut
420 1895 540 1960 pacem
566 1872 596 1940 ei
622 1873 731 1940 dones
969 1872 1024 1940 Te
1049 1895 1218 1958 rogamus
1243 1872 1322 1939 audi
1348 1894 1412 1938 nos

342 1989 395 2067 Ut
424 1997 666 2065 remissionem
696 1999 849 2066 omnium
879 2011 1036 2087 peccato·

394 2137 470 2180 rum
496 2136 640 2181 suorum
667 2115 697 2182 ei
724 2115 835 2182 dones
972 2115 1026 2182 Te
1050 2137 1220 2201 rogamus
1244 2113 1322 2181 audi
1347 2137 1412 2181 nos

341 2221 394 2299 Ut
419 2254 439 2297 a
464 2230 553 2297 lecto
574 2229 780 2318 egritudinis
800 2231 856 2319 pie
880 2244 914 2299 et
939 2231 1036 2298 mise-

398 2346 582 2414 ricorditer
607 2369 685 2414 eum
711 2348 869 2414 releuare
893 2347 1049 2435 digneris
1085 2347 1138 2414 Te
1162 2370 1213 2414 r0.

342 2454 396 2532 Ut
430 2487 552 2530 sanum
587 2475 691 2551 atque
717 2463 924 2530 incolumem
958 2487 1036 2530 eum

399 2579 545 2646 ecclesie
570 2592 628 2646 tue
649 2592 768 2648 sancte
792 2592 1037 2669 representare

398 2686 553 2773 digneris
1073 2688 1127 2756 Te
1151 2711 1251 2776 roga.

343 2793 397 2871 Ut
423 2823 486 2868 nos
511 2803 677 2871 exaudire
701 2803 858 2891 digneris
973 2804 1027 2871 Te
1051 2827 1220 2891 rogamus
1244 2802 1324 2870 audi
1348 2823 1412 2869 nos

343 2917 413 2994 Fili
439 2926 494 2994 dei
969 2929 1023 2996 Te
1047 2950 1218 3014 rogamus
1243 2928 1322 2996 audi
1348 2949 1412 2994 nos

250 3139 254 3146 ,
343 3061 477 3156 Agnus
491 3070 546 3137 dei
560 3071 618 3158 qui
632 3071 724 3138 tollis
738 3084 881 3159 peccata
899 3071 1014 3138 mundi
1031 3073 1155 3139 exaudi
1173 3094 1252 3139 eum
1271 3071 1411 3158 domine

343 3185 476 3282 Agnus
498 3196 552 3263 dei
573 3197 630 3284 qui
650 3197 741 3264 tollis
761 3209 904 3286 peccata
916 3197 1033 3264 mundi
1081 3197 1192 3265 Parce
1217 3198 1247 3264 ei
1273 3196 1413 3264 domine

342 3309 475 3407 Aguus
500 3322 554 3389 dei
580 3323 637 3410 qui
661 3322 752 3390 tollis
776 3335 920 3411 peccata
946 3322 1061 3389 mundi
1108 3322 1209 3390 Dona
1234 3323 1264 3390 ei
1291 3344 1412 3410 pacem

345 3436 464 3515 Criste
489 3448 568 3515 audi
593 3471 667 3516 nos,

345 3561 598 3659 Kyrieleyson.
647 3565 907 3662 christeleyon.
955 3565 1211 3672 Kyrieleyson.

343 3687 454 3764 Pater
480 3712 608 3766 noster.

343 3811 386 3880 Et
411 3837 453 3881 ne
477 3838 550 3883 nos.

344 3917 494 4001 Salvum
519 3931 573 4000 fac
598 3957 740 4002 seruum
765 3947 861 4001 tuum
887 3935 943 4001 uel
963 3934 1061 4001 ancil.
1087 3946 1192 4000 tuam.

343 4044 439 4113 Deus
464 4070 563 4116 meus
587 4063 787 4138 sperantem
811 4051 843 4117 in
868 4062 912 4118 te.

345 4152 453 4230 Mitte
478 4165 508 4231 ei
533 4167 670 4233 domine
695 4167 861 4234 auxilium
886 4167 929 4234 de
954 4178 1087 4234 sancto.

343 4276 386 4345 Et
411 4280 454 4347 de
478 4304 569 4369 syon
595 4296 652 4351 tue
678 4287 728 4364 (re
753 4289 855 4366 eum).

344 4384 462 4467 Nichil
488 4400 646 4488 proficiat
671 4400 827 4467 inimicus
852 4401 885 4468 in
910 4423 962 4467 eo

344 4509 386 4576 Et
410 4509 499 4575 filius
524 4506 711 4595 iniquitatis
736 4530 804 4574 non
829 4520 982 4597 apponat
1008 4529 1134 4577 nocere
1159 4505 1200 4577 ei.
