3534 5392
768 503 808 570 31

726 661 857 728 Oratio.

308 786 406 852 Deus
440 786 496 873 qui
529 785 661 852 facture
691 799 752 852 tuo
777 785 834 872 pio
859 809 998 872 semper
1028 786 1216 853 dominaris
1241 787 1378 854 affectu.

202 894 328 961 inclina
363 915 482 960 aurem
517 905 611 960 tuam
646 892 954 981 supplicationibus
988 894 1117 960 nostris
1151 907 1185 961 et
1214 894 1378 964 famulum

203 1017 299 1069 tuum
325 1001 365 1067 N.
396 1024 437 1067 ex
467 1001 576 1067 adusa
606 1000 802 1067 valetudine
836 1001 994 1089 corporis
1025 1001 1238 1096 laborantem
1269 1003 1378 1090 placa·

204 1123 260 1176 tus
285 1107 445 1194 accipias,
479 1121 512 1174 et
544 1107 646 1174 visita
679 1107 711 1175 in
743 1108 885 1175 salutari
918 1121 987 1176 tuo.
1021 1131 1060 1175 ac
1091 1109 1227 1176 celestis
1259 1109 1379 1197 gracie

205 1227 324 1303 presta
349 1215 563 1283 medicinam.
590 1238 622 1302 p.
669 1264 672 1272 .

309 1340 396 1421 Aut.
444 1349 616 1417 Dominus
656 1350 792 1417 locutus
830 1361 883 1416 est
920 1349 1095 1438 discipulis
1136 1350 1207 1418 suis
1248 1351 1378 1420 dicens

203 1467 238 1533 ln
259 1466 398 1534 nomine
419 1489 497 1533 meo
518 1466 678 1533 demonia
698 1467 809 1554 eijcite
834 1479 867 1534 et
891 1489 997 1554 super
1022 1489 1130 1554 egros
1156 1490 1278 1534 manus
1304 1491 1380 1535 ves·

202 1586 275 1641 tras
299 1573 467 1662 imponite
492 1585 525 1641 et
550 1575 638 1640 bene
665 1575 850 1643 habebunt.
1316 1576 1318 1580 ’

309 1680 487 1758 Psalmus
535 1690 685 1758 Domine
710 1714 752 1758 ne
777 1690 810 1758 in
835 1691 878 1758 fu.

729 1934 859 2001 Oratio.

312 2077 413 2152 Deus
450 2085 506 2172 qui
543 2086 694 2153 humano
730 2087 852 2174 generi
889 2101 922 2155 et
958 2088 1078 2156 salutis
1119 2088 1310 2155 remedium
1347 2101 1380 2156 et

207 2201 277 2268 vite
306 2213 424 2268 eterne
455 2225 598 2269 munera
624 2204 797 2271 contulisti
827 2227 999 2272 conserva
1028 2203 1157 2272 famulo
1182 2217 1241 2272 tuo
1267 2205 1308 2273 N.
1333 2217 1380 2272 tu·

204 2331 303 2376 arum
337 2311 429 2376 dona
463 2309 628 2378 virtutum
664 2325 697 2378 et
729 2312 896 2380 concede:
929 2325 965 2379 vt
995 2313 1163 2379 medelam
1193 2324 1287 2379 tuam
1313 2336 1380 2380 non

203 2418 317 2483 solum
343 2417 552 2505 incorpore
578 2417 805 2485 verumetiam
831 2419 863 2486 in
889 2419 1002 2486 anima
1026 2420 1160 2488 sentiat.
1208 2420 1245 2487 P.

310 2544 507 2641 Antiphon.
556 2551 630 2621 Cor
664 2554 850 2621 contritum
885 2568 917 2622 et
951 2553 1163 2622 humiliatum
1194 2555 1279 2622 deus
1312 2578 1379 2621 non

205 2667 386 2757 despicies.

731 2886 861 2953 Oratio.

312 3029 496 3105 Virtutum
522 3037 700 3105 celestium
726 3039 822 3106 deus.
848 3038 904 3126 qui
928 3040 972 3106 ab
993 3038 1152 3106 humanis
1172 3038 1382 3126 corporibus

205 3176 342 3219 omnem
376 3154 586 3241 languorum
621 3166 654 3221 et
694 3178 830 3222 omnem
867 3155 1110 3222 infirmitatem.
1145 3155 1300 3243 precepti
1334 3154 1383 3222 tui

204 3273 378 3348 potestate
402 3262 555 3348 depellis.
582 3263 703 3330 adesto
728 3263 906 3351 propicius
936 3262 1014 3330 huic
1040 3263 1168 3330 famulo
1193 3274 1253 3330 tuo
1277 3263 1319 3330 N.
1346 3276 1382 3330 vt
1408 3259 1409 3262 '

205 3367 336 3454 fugatis
368 3368 636 3437 infirmitatibus.
663 3382 696 3437 et
727 3370 861 3438 viribus
886 3370 1047 3457 receptis.
1073 3393 1198 3437 nomen
1223 3381 1381 3438 sanctum

205 3486 311 3542 tuum.
337 3474 527 3544 instaurata
553 3477 712 3566 protinus
737 3477 899 3545 sanitate:
926 3477 1116 3545 benedicat.
1163 3477 1200 3545 P.

311 3602 461 3698 Antiph.
520 3610 665 3680 Saluum
707 3612 759 3680 lac
801 3635 943 3679 seruum
980 3624 1076 3679 tuum
1115 3611 1253 3681 domine
1297 3613 1382 3678 deus

205 3749 303 3794 meus
338 3741 536 3816 sperantem
571 3729 603 3796 in
636 3742 679 3798 te.
715 3729 850 3797 custodi
880 3729 1027 3797 animam
1058 3728 1133 3796 eius
1162 3728 1323 3816 quoniam
1349 3727 1381 3794 in

205 3846 239 3901 te
263 3835 430 3923 speravit.

729 4055 860 4122 Oratio.

313 4195 549 4292 Omnipotens
574 4205 784 4294 sempiterne
808 4207 910 4273 deus:
935 4206 992 4293 qui
1017 4205 1232 4293 egritudines
1257 4203 1383 4272 anima·

206 4343 282 4386 rum
308 4321 452 4409 depellis
472 4334 506 4389 et
526 4344 729 4410 corporum:
755 4323 870 4411 auxilij
891 4323 939 4390 tui
960 4346 1065 4411 super
1086 4322 1258 4388 infirmum
1279 4321 1381 4388 istum

206 4432 352 4498 ostende
386 4431 560 4498 virtutem.
608 4430 655 4497 Ut
688 4454 755 4517 ope
790 4429 1025 4498 misericordie
1058 4443 1117 4497 tuo
1151 4427 1304 4495 adiutus:
1339 4429 1383 4494 ad

206 4541 322 4608 omnia
347 4539 485 4627 pietatis
511 4553 568 4606 tue
593 4537 707 4605 officia
732 4551 926 4626 reparetur.
974 4537 1011 4606 P.
