3570 5402
908 503 952 571 24

853 661 1009 731 Oremus.

450 789 605 870 Domine
639 810 758 865 sancte
792 810 890 885 pater
925 797 1145 886 omnipotens
1186 811 1305 867 eterne
1338 800 1425 867 deus
1459 797 1516 888 qui

344 916 567 1004 fragilitatem
595 926 714 982 nostre
745 913 969 983 condicionis.
995 913 1107 983 inlusa
1140 915 1278 984 virtutis
1308 927 1367 984 tue
1400 917 1518 1003 digna-

345 1024 437 1092 tione
462 1023 658 1091 confirmas.
685 1034 721 1088 vt
754 1021 964 1089 salutaribus
998 1022 1160 1090 remediis
1190 1023 1326 1111 pietatis
1351 1036 1418 1091 tue.
1444 1046 1517 1091 cor·

344 1154 433 1221 pora
456 1143 577 1198 nostra
602 1140 635 1196 et
665 1130 822 1197 membra
850 1141 1067 1216 vegetentur.
1102 1131 1327 1218 super‘hunc
1351 1130 1515 1199 famulum

344 1254 441 1308 tuum
465 1239 507 1306 N.
528 1236 742 1326 propiciatus
767 1235 914 1305 intende.
940 1249 978 1304 vt
1006 1237 1098 1305 omni
1118 1236 1326 1306 necessitate
1345 1261 1517 1327 corporee

344 1345 551 1416 infirmitatis
585 1345 736 1412 exclusa.
775 1344 890 1432 gratia
930 1344 962 1411 in
994 1368 1037 1412 eo
1065 1345 1209 1433 pristine
1247 1345 1404 1414 sanitatis
1442 1369 1537 1435 pern

345 1455 435 1522 lecte
459 1465 650 1542 reparetur.
698 1451 766 1519 Per
792 1449 981 1520 Christum.

346 1633 472 1701 Postea
497 1633 618 1699 audeat
635 1631 878 1718 consessionem
901 1654 1001 1698 suam
1020 1632 1182 1699 sacerdos
1204 1643 1236 1698 et
1254 1631 1410 1700 absoluat
1432 1654 1516 1700 earu.

452 1758 671 1836 Misereatur
699 1765 748 1832 tui
778 1764 997 1854 omnipotens
1030 1766 1116 1833 deus
1149 1778 1212 1833 etc.
1259 1766 1517 1855 Indulgenciam

345 1886 376 1953 81
407 1882 660 1952 absolutionem
685 1895 747 1950 etc.
794 1882 851 1949 Ab
882 1881 958 1950 istis
987 1881 1140 1970 peccatis
1170 1881 1247 1949 tuis.
1276 1882 1516 1970 negligendis

345 1989 697 2078 transgressionibus
724 1988 981 2058 omissionibus
1007 2002 1041 2057 et
1070 2012 1090 2057 a
1118 1988 1256 2056 vinculo
1286 1987 1517 2058 excommuni-

346 2097 499 2166 cationis.
524 2097 552 2164 si
578 2119 664 2185 quas
688 2095 872 2164 incurristi.
897 2096 1056 2164 absoluat
1075 2108 1109 2163 te
1133 2096 1250 2164 ihesus
1275 2096 1401 2165 cristus
1425 2098 1516 2165 filius

348 2205 403 2273 dei
433 2204 512 2273 viui.
542 2216 576 2272 et
607 2225 677 2290 ego
708 2217 742 2271 te
773 2203 919 2271 absoluo
943 2226 964 2271 a
988 2203 1125 2271 vinculo
1149 2204 1517 2272 excommunicationis

348 2311 555 2381 auctoritate
585 2334 653 2400 qua
686 2311 824 2397 fungor.
873 2311 908 2378 ln
937 2310 1075 2378 nomine
1105 2311 1214 2400 patris
1246 2323 1279 2379 et
1311 2311 1369 2379 filii
1394 2325 1427 2380 et
1451 2313 1517 2400 spi·

346 2421 433 2488 ritus
458 2419 578 2488 sancti.
603 2442 714 2487 amen.
730 2423 750 2500 ¹)

793 2578 867 2646 Pro
889 2579 1067 2647 homicrila.

451 2706 603 2783 Praesta
635 2735 845 2802 quaesumus
876 2713 1014 2780 domine
1033 2713 1112 2780 huic
1133 2713 1261 2781 lamulo
1285 2728 1346 2781 tuo
1371 2715 1514 2802 dignum

345 2830 532 2920 penitentie
557 2830 715 2898 lructum.
742 2842 778 2896 vt
803 2829 948 2897 ecclesie
974 2842 1032 2897 tue
1056 2844 1185 2898 sancte.
1210 2853 1230 2896 a
1255 2829 1352 2898 cuius
1377 2830 1516 2920 integri·

345 2951 415 3006 tate
435 2937 636 3006 deuiauerat
656 2938 834 3025 peccando
853 2937 1085 3005 admissorum
1105 2936 1240 3006 veniam
1261 2940 1516 3027 consequendo.

345 3047 511 3114 reddatur
535 3044 696 3112 innoxius
720 3067 783 3133 per
808 3045 985 3113 christum.

450 3189 576 3257 Postea
611 3191 799 3280 r‘nterrogat
830 3212 905 3257 eum
942 3190 984 3257 de
1020 3190 1089 3269 fide
1125 3188 1287 3256 catholica
1320 3187 1445 3257 Credis
1483 3190 1515 3257 in

344 3298 445 3365 deum
472 3309 607 3385 patrem
631 3296 913 3386 omnipotentem.

624 3474 751 3543 Postea
774 3479 992 3544 communicet
1013 3499 1089 3543 eum
1112 3476 1236 3543 dicens.

451 3601 595 3699 Corpus
620 3609 749 3678 domini
773 3611 883 3678 nostri
909 3611 1006 3696 jhesu
1032 3608 1161 3679 Christi
1191 3609 1363 3678 custodiat
1387 3632 1516 3700 corpus

344 3743 378 3796 et
403 3727 550 3796 animam
575 3739 668 3794 tuam
694 3728 726 3796 in
752 3727 859 3796 vitam
882 3741 1060 3796 aeternam
1085 3727 1208 3797 Amen.

852 3887 1008 3956 Oremus.

452 4013 601 4082 Domine
635 4026 754 4082 sancte
788 4026 888 4103 pater
920 4013 1142 4103 omnipotens
1175 4026 1294 4082 eterne
1327 4014 1424 4081 deus.
1458 4012 1516 4102 qui

344 4121 595 4190 benedictionis
629 4135 687 4190 tue
726 4121 876 4208 gratiam
915 4121 1012 4209 egris
1050 4121 1261 4189 infundendo
1299 4119 1515 4210 corporibus.

345 4229 512 4297 facturam
545 4241 640 4298 tuam
675 4229 853 4319 multiplici
886 4229 1015 4318 pietate
1043 4231 1232 4318 gubernas.
1257 4229 1300 4298 ad
1331 4227 1516 4297 inuocatio-

344 4393 556 4402 ---———

452 4461 471 4530 ³)
493 4461 581 4517 Diese
605 4459 901 4516 Absolutionslormel
927 4458 965 4514 ist
990 4458 1167 4529 vollstandig
1194 4458 1301 4512 anders
1326 4456 1370 4511 als
1394 4457 1439 4512 die
1463 4458 1516 4513 des

345 4549 401 4604 uit.
422 4550 507 4605 Rom.
528 4569 556 4622 p.
576 4569 618 4622 57.
639 4569 682 4622 sq.
721 4550 828 4620 Eigens
848 4549 884 4604 ist
904 4550 959 4603 das
979 4549 1072 4604 Gebet
1092 4566 1145 4620 pro
1166 4547 1318 4602 homicida.
