3570 5402
842 495 890 561 23.

714 683 905 824 Caput
941 683 1012 790 V.

579 899 789 978 Visitatio
819 898 1106 987 infirmorum.
1127 900 1150 995 l)

384 1062 495 1150 Legat
522 1070 644 1148 septem
671 1061 827 1147 psnlrrzos
859 1063 892 1125 rir
916 1062 981 1126 vrit.
1015 1061 1217 1126 versr'cnlrrrrr
1242 1062 1336 1148 npnn'
1358 1063 1449 1147 iufir-

277 1194 368 1236 nrum
393 1178 424 1234 et
445 1168 604 1234 durando
629 1168 734 1233 dr'cnt:
758 1166 832 1234 Pax
856 1166 934 1233 huic
959 1167 1075 1233 domui
1107 1166 1150 1233 Et
1174 1167 1335 1234 omnibus
1360 1168 1451 1235 habi-

277 1276 426 1343 tantibus
451 1275 484 1341 in
509 1298 560 1342 ea.

803 1398 933 1465 Oratio.

383 1527 620 1623 Omnipotens
656 1534 865 1621 sempiterne
899 1533 984 1600 deus
1019 1533 1077 1620 qui
1106 1535 1349 1602 sacerdotibus
1383 1535 1450 1602 tuis

274 1665 404 1720 tantam
429 1651 585 1739 graciam
612 1649 786 1721 contulisti
820 1663 856 1716 ut
888 1649 1054 1737 quidquid
1087 1651 1130 1716 ab
1162 1650 1212 1717 eis
1244 1652 1350 1738 digne
1375 1675 1450 1740 per·

275 1761 434 1847 fecteque
458 1759 573 1846 agitur
599 1782 617 1825 a
643 1771 676 1825 te
700 1757 775 1824 fieri
801 1758 970 1824 credatur.
1019 1757 1220 1842 Quesumus
1245 1759 1449 1826 immensam

276 1867 490 1935 clementiam
525 1880 619 1933 tuam
654 1878 690 1931 vt
724 1865 889 1952 quidquid
925 1865 956 1930 in
991 1878 1051 1930 tuo
1086 1865 1223 1932 nomine
1257 1866 1449 1934 visitamus,

277 1976 407 2042 visites,
442 1987 475 2040 et
509 1973 675 2061 quidquid
714 1971 960 2039 benedicimus,
996 1973 1191 2040 benedicas
1249 1972 1371 2060 Sitque
1407 1976 1449 2042 ad

280 2096 399 2149 nostre
437 2080 637 2148 humilitatis
677 2079 863 2148 introitum.
898 2092 1097 2147 sanctorum
1136 2092 1276 2147 tuorum
1318 2081 1450 2148 meritis

277 2190 360 2276 fuga
385 2190 608 2256 daemonum:
634 2201 667 2254 et
687 2188 802 2275 angeli
823 2188 918 2276 pacis
939 2188 1131 2274 ingressus,
1166 2188 1234 2254 Per
1260 2187 1449 2257 Christum.

382 2296 448 2363 Hic
472 2305 679 2386 aspergatur
702 2320 803 2383 aquo.
850 2296 1036 2384 Asperges
1062 2319 1116 2362 me
1141 2296 1288 2364 domine.

382 2408 425 2478 V.
475 2411 633 2480 Ostende
658 2412 758 2478 nobis
783 2412 922 2478 domine
947 2411 1231 2480 misericordiam.

387 2529 540 2596 Collecta.
579 2528 722 2629 'Exaudi
754 2551 818 2595 nos
850 2527 989 2595 domine
1020 2541 1139 2595 sancte
1170 2542 1269 2616 pater
1295 2530 1447 2617 omnipo-

275 2650 351 2704 tens
376 2649 495 2704 eterne
520 2637 605 2703 deus
629 2635 737 2703 Prius
760 2637 909 2704 habetur.

736 2797 816 2864 Item
840 2799 920 2864 colle
939 2807 983 2864 to.

382 2926 484 3002 Deus
518 2932 575 3019 qui
610 2932 738 2999 famulo
770 2945 829 2998 tuo
862 2933 999 2999 ezechie
1031 2947 1084 3000 ter
1115 2933 1238 3020 quinos
1270 2958 1380 3001 annos
1405 2937 1449 3002 ad

277 3050 383 3116 vitam
409 3049 557 3117 donasti.
583 3049 629 3116 ita
654 3061 687 3115 et
712 3049 801 3115 hunc
827 3048 992 3116 famulum
1014 3062 1109 3116 tuum
1135 3051 1176 3117 N.
1202 3075 1222 3117 a
1246 3050 1335 3118 lecto
1361 3052 1450 3138 egri-

276 3156 403 3224 tudinis
435 3169 493 3223 tua
523 3155 679 3243 potentia
708 3156 826 3242 erigas
855 3158 899 3224 ad
928 3158 1085 3224 salutem.
1133 3157 1200 3224 Per
1226 3157 1367 3225 eristum
1393 3160 1450 3225 do-

277 3287 404 3330 mmum
429 3276 597 3332 nostrum.

784 3389 940 3457 Oramus,

381 3515 542 3611 Respice
566 3523 705 3591 domine
729 3523 894 3589 famulum
924 3536 1017 3590 tuum
1044 3523 1085 3591 N.
1115 3524 1148 3590 in
1177 3524 1373 3592 infirmitate
1397 3525 1449 3591 sui

274 3639 436 3727 corporis
467 3640 682 3707 laborantem
714 3652 747 3706 et
779 3639 927 3706 animam
960 3640 1081 3707 refove
1113 3664 1216 3727 quam
1249 3642 1386 3708 creasti.
1412 3654 1449 3708 vt

275 3745 563 3834 castigationibus
597 3748 810 3814 emendatus.
837 3748 998 3814 continuo
1031 3771 1070 3814 se
1101 3748 1231 3816 senciat
1260 3762 1319 3816 tua
1347 3749 1449 3816 medi·

277 3854 352 3921 cina
377 3867 546 3922 sanatum.
594 3855 662 3922 Per
687 3853 852 3922 Cristum.

276 4084 327 4138 auf
348 4086 415 4139 dem
443 4087 544 4140 Lande
571 4087 623 4139 der
649 4085 893 4156 Herredstoged,¹
914 4084 960 4138 ein
987 4085 1057 4138 dem
1083 4085 1289 4155 pretrssischen
1315 4085 1449 4140 Landrat

276 4173 423 4228 ethnlicher
442 4175 596 4243 Beamter,
623 4192 677 4229 nur
697 4175 734 4228 ist
759 4173 822 4228 sein
842 4173 946 4228 Bezirk
971 4173 1091 4229 kleiner.
1130 4174 1193 4228 Das
1214 4173 1448 4245 Civilehegesetz

276 4262 313 4316 ist
334 4281 404 4317 vom
426 4282 467 4334 13.
487 4264 571 4334 April
593 4265 669 4334 1851.

384 4354 402 4421 ¹)
423 4354 513 4408 Diese
529 4352 658 4408 visitatio
675 4353 778 4408 infirm.
795 4353 901 4406 weicht
917 4351 1045 4406 vielfach
1064 4371 1124 4407 von
1145 4353 1198 4407 der
1218 4354 1270 4406 des
1285 4353 1341 4408 Rit.
1358 4353 1445 4408 Rom.

274 4459 301 4512 p.
319 4459 369 4514 107
385 4461 427 4513 sq.
444 4444 491 4497 ab.
520 4442 605 4496 Auch
620 4442 747 4513 Agenda
762 4440 849 4496 Mind.
865 4442 901 4496 ist
917 4442 980 4495 hier
995 4443 1113 4498 anders
1142 4442 1280 4496 Letztere
1296 4443 1345 4496 hat
1363 4443 1449 4497 einen

275 4532 398 4604 eigenen
418 4532 506 4586 Ritus
526 4532 554 4586 in
574 4549 659 4585 sacra
680 4532 818 4585 unctione
838 4533 1026 4585 sacerdotum
1047 4532 1092 4585 fol.
1113 4531 1231 4587 XXVII.

1236 4622 1266 4692 4*
