3570 5402
474 645 517 713 Et
541 669 584 713 ne
612 668 688 714 nos.

474 751 620 821 Salvum
646 753 699 821 fac
724 775 867 820 servum
891 766 989 820 tuum
1014 765 1048 820 et
1072 752 1230 820 ancillam
1254 765 1349 820 tuam

474 860 572 927 Deus
598 882 696 927 meus
720 871 903 948 sperantes
928 858 960 926 in
985 871 1030 927 te.

474 965 569 1033 Mitte
593 966 643 1034 eis
667 966 807 1035 domine
831 966 993 1034 auxilium
1019 967 1063 1034 de
1087 979 1208 1034 sancto

474 1072 516 1140 Et
541 1073 585 1140 de
609 1097 701 1162 syon
726 1085 887 1142 tueantur
912 1085 956 1142 te.

473 1179 558 1248 Esto
583 1180 648 1248 illis
672 1180 811 1249 domine
835 1179 942 1248 turris
967 1179 1178 1249 fortitudinis

474 1287 507 1354 A
531 1286 629 1356 facie.

474 1393 623 1461 Domine
647 1394 783 1462 exaudi.

893 1571 1024 1640 Orateo.

474 1696 632 1774 Benedic
666 1705 805 1773 domine
838 1707 1000 1774 annulum
1034 1706 1150 1776 istum.
1185 1728 1288 1794 quem
1322 1704 1354 1773 in
1392 1717 1452 1773 tuo
1486 1728 1543 1773 no·

367 1821 457 1889 mine
485 1821 732 1890 benedicimus,
757 1835 793 1889 ut
818 1822 979 1910 quicum
1005 1845 1112 1911 super
1136 1845 1176 1891 se
1200 1821 1403 1911 portauerit.
1429 1821 1461 1889 in
1486 1832 1544 1889 tua

366 1950 452 2018 pace
484 1929 660 1997 consistat.
691 1940 725 1996 et
756 1929 788 1995 in
821 1941 880 1996 tua
908 1929 1087 1997 voluntate
1116 1941 1329 2018 permaneat.
1359 1941 1393 1997 et
1422 1929 1454 1996 in
1483 1940 1543 1996 tuo

366 2058 487 2102 amore
511 2034 617 2103 vivat.
643 2047 778 2105 crescat
809 2049 914 2124 atque
946 2049 1115 2104 senescat.
1163 2035 1206 2103 Et
1238 2035 1483 2123 multiplicetur
1508 2035 1543 2102 in

366 2141 618 2228 longitudinem
632 2145 654 2221 ¹)
670 2141 812 2211 ‘dierum
837 2166 900 2231 per
925 2142 1079 2212 eristum.

889 2320 1020 2389 Orateo.

473 2445 629 2524 Creator
661 2466 695 2522 et
726 2467 955 2523 conservator
987 2455 1127 2522 humani
1156 2454 1307 2543 generis.
1332 2456 1434 2523 dator
1465 2477 1543 2543 gra·

366 2571 412 2638 tie
437 2571 638 2659 spiritualis.
663 2583 782 2639 eterne
806 2571 903 2638 deus,
928 2583 965 2638 tu
995 2570 1131 2638 mittere
1155 2571 1312 2656 digneris
1337 2571 1543 2640 benedictio·

366 2699 443 2744 nem
469 2691 562 2745 tuam
589 2700 696 2767 super
727 2677 817 2745 hunc
847 2678 1018 2745 annulum.
1043 2691 1080 2745 vt
1104 2677 1235 2767 pariter
1260 2689 1318 2746 tua
1343 2679 1542 2762 be†nedic·

365 2784 459 2852 tione
487 2785 608 2853 muniti
637 2797 671 2853 et
696 2785 814 2852 celesti
838 2785 1079 2853 benedictione
1103 2785 1246 2854 defensi.
1279 2808 1403 2853 munus
1427 2785 1542 2874 gratie

365 2902 424 2958 tue
447 2892 640 2980 percipiant
666 2892 699 2959 in
723 2891 831 2959 vitam
855 2904 1022 2960 eternam.
1069 2891 1137 2960 Per
1162 2893 1255 2962 crist.
1281 2893 1469 2960 dominum.

472 3051 598 3120 Postea
623 3061 830 3142 aspergatur
852 3053 1001 3120 annulus
1025 3076 1117 3141 aqua
1142 3053 1321 3120 benedicta.
1347 3056 1448 3120 etsie
1471 3056 1542 3120 mz't·

366 3160 405 3225 tr't
426 3168 572 3247 sponsus
595 3184 670 3226 eum
699 3163 733 3226 ia
756 3159 911 3249 pollicem
942 3169 1062 3248 sponse
1093 3160 1216 3226 diceas.
1263 3159 1299 3226 ln
1324 3159 1464 3227 nomine
1487 3183 1543 3248 pa·

365 3265 439 3332 tris.
465 3266 586 3333 deinde
609 3269 643 3333 in
668 3266 813 3334 Indicam
838 3267 952 3332 dt'eens
975 3278 1009 3333 et
1033 3265 1101 3354 filij.
1121 3275 1241 3355 postea
1266 3269 1300 3334 ia
1323 3268 1470 3334 mediam
1495 3268 1543 3334 di·

365 3385 500 3440 censet
525 3372 667 3462 spiritus
692 3372 801 3441 sancti
832 3381 863 3440 et
891 3373 1007 3439 ultano
1031 3375 1064 3440 in
1089 3374 1254 3440 medicam
1278 3375 1401 3442 dz'cens.
1443 3396 1543 3442 amen

365 3487 397 3545 et
419 3478 467 3546 ibi
486 3481 642 3548 manebit.
656 3485 678 3560 ²)

475 3711 492 3773 ¹)
514 3710 554 3765 Es
568 3711 605 3766 ist
620 3710 699 3764 nicht
714 3726 750 3764 zu
766 3708 966 3777 entscheiden,
982 3708 1020 3762 ob
1040 3707 1220 3779 longitudine
1239 3709 1312 3763 oder
1332 3709 1542 3778 longitudinem

365 3815 401 3852 zu
421 3799 503 3853 lesen
523 3799 568 3856 ist.

473 3887 492 3951 ’t
515 3888 575 3942 Nur
598 3888 653 3942 ein
674 3887 752 3958 Ring
776 3886 851 3942 wird
875 3888 1006 3956 benutzt‚
1029 3887 1082 3941 der
1101 3886 1267 3958 Brautring.
1306 3886 1345 3941 Es
1365 3886 1402 3940 ist
1421 3888 1475 3942 das
1494 3888 1544 3942 alt·

364 3975 585 4047 germanischer
601 3977 719 4032 Brauch
738 3977 797 4032 und
813 3964 956 4032 ¹Uberrest
975 3976 1028 4030 des
1044 3975 1323 4046 Altgermanischen
1339 3975 1541 4032 Brautkaules.

367 4065 432 4136 Vgl.
453 4066 527 4121 uber
546 4067 603 4121 den
622 4065 699 4138 Ring
718 4066 883 4134 Freisen,
904 4064 1080 4120 Geschichte
1100 4066 1153 4120 des
1173 4082 1274 4122 canon.
1295 4063 1543 4136 Eherecht51887

365 4154 394 4211 S.
417 4172 468 4226 137
487 4157 514 4213 ff.
553 4155 615 4210 Der
634 4155 743 4210 Liber
762 4156 983 4225 agendarum
1004 4155 1199 4210 secundum
1219 4155 1326 4210 ritum
1348 4155 1431 4209 eccl.
1453 4153 1542 4210 Stes·

364 4245 524 4301 vicensis
539 4246 589 4300 hat
605 4245 652 4300 die
663 4244 787 4300 Rubrik:
803 4244 890 4315 Aqua
900 4243 1057 4299 benedicta
1072 4253 1214 4316 aspergat
1226 4244 1397 4307 (sacerdos).
1428 4243 1542 4298 Deinde

365 4336 506 4390 sacerdos
534 4335 684 4406 accipiens
711 4335 847 4390 annulum
877 4333 974 4404 primo
1000 4345 1092 4405 ponat
1118 4334 1147 4388 in
1174 4334 1277 4405 pollice
1304 4331 1406 4403 sponsi
1432 4331 1542 4386 dicens.

365 4422 394 4477 ln
410 4423 530 4478 nomine
545 4425 649 4480 Patris.
684 4423 797 4480 Deinde
812 4423 839 4478 in
856 4423 1001 4494 proximo.
1035 4423 1070 4478 Et
1086 4423 1155 4494 Filij.
1190 4423 1304 4478 Deinde
1325 4421 1411 4476 detur
1430 4437 1542 4491 sponse

364 4512 392 4567 in
416 4512 508 4582 digito
532 4513 610 4570 circa
635 4514 798 4569 minimum.
836 4513 872 4568 Et
896 4513 1013 4584 spiritus
1037 4513 1139 4568 sancti.
1177 4513 1285 4568 Amen.
1325 4511 1388 4566 Das
1407 4509 1542 4564 Manuale
