3570 5402
359 667 422 748 Ab
450 676 542 743 omni
569 677 660 742 malo
1056 676 1164 743 libera
1189 699 1267 742 eum
1292 675 1430 743 domine

359 794 434 871 Per
459 802 758 869 annunciationem
783 815 816 868 et
841 801 1016 869 natitatem

414 932 508 985 tuam
1055 919 1163 987 libera
1188 942 1266 986 eum
1292 917 1430 986 domine

360 1026 435 1103 Per
460 1058 598 1102 crucem
623 1048 657 1101 et
681 1034 880 1122 passionem
907 1047 1001 1102 tuam
1052 1036 1070 1102 l.
1096 1059 1174 1103 eum
1201 1037 1232 1103 d.

359 1152 433 1229 Per
471 1173 625 1228 sanctam
665 1161 959 1228 resurrectionem
999 1174 1032 1228 et

411 1277 603 1365 gloriosam
629 1277 870 1344 ascensionem
896 1290 989 1345 tuam
1068 1279 1176 1346 libera
1196 1302 1272 1346 eum
1289 1277 1428 1344 domine

357 1384 431 1461 Per
455 1394 612 1480 graciam
637 1393 745 1460 sancti
772 1393 915 1481 spiritus
939 1418 1036 1483 para·

411 1508 480 1576 cliti
1039 1511 1093 1578 lib.
1119 1535 1198 1580 eum

358 1616 399 1692 In
426 1625 481 1692 die
505 1624 618 1714 iudicij
1053 1627 1160 1695 libera
1186 1652 1264 1696 eum
1290 1629 1429 1696 domine

359 1740 576 1818 Peccatores
1008 1765 1041 1820 te
1065 1777 1237 1840 rogamus
1261 1753 1341 1821 audi
1366 1777 1429 1822 nos

298 1883 302 1892 '
360 1866 413 1944 Ut
437 1898 558 1962 pacem
583 1876 614 1944 ei
639 1878 749 1944 dones
987 1878 1041 1946 Te
1066 1901 1235 1966 rogamus
1260 1880 1340 1947 audi
1365 1903 1429 1947 nos

360 1992 413 2070 Ut
442 2001 682 2069 remissionem
714 2003 866 2071 omnium
898 2017 1053 2093 peccato·

412 2140 487 2183 rum
513 2140 658 2186 suorum
684 2119 714 2186 ei
741 2120 852 2187 dones
990 2121 1043 2188 Te
1067 2144 1237 2209 rogamus
1261 2122 1340 2189 audi
1366 2145 1429 2189 nos

359 2224 411 2302 Ut
436 2257 456 2301 a
481 2235 570 2301 lecto
591 2234 797 2322 egritudinis
817 2235 873 2324 pie
898 2250 931 2304 et
957 2237 1053 2304 mise·

414 2350 599 2418 ricorditer
625 2374 702 2418 eum
728 2353 886 2419 releuare
910 2352 1066 2440 digneris
1102 2354 1155 2421 Te
1180 2377 1230 2422 ro,

359 2457 412 2536 Ut
446 2489 568 2533 sanum
604 2479 708 2554 atque
733 2467 940 2536 incolumem
975 2492 1053 2536 eum

415 2583 562 2650 ecclesie
588 2594 645 2650 tue
666 2596 785 2652 sancte
809 2599 1054 2673 representare

414 2689 570 2776 digneris
1090 2694 1144 2762 Te
1168 2718 1267 2782 roga.

360 2795 414 2874 Ut
439 2827 503 2872 nos
528 2807 693 2874 exaudire
718 2806 875 2895 digneris
989 2810 1043 2876 Te
1067 2832 1237 2897 rogamus
1261 2810 1341 2878 audi
1365 2833 1429 2877 nos

360 2920 429 2997 Fili
455 2929 510 2997 dei
985 2935 1039 3002 Te
1064 2957 1234 3022 rogamus
1259 2935 1338 3003 audi
1363 2959 1428 3003 nos

266 3141 269 3148 ,
359 3064 493 3160 Agnus
507 3075 562 3141 dei
576 3075 634 3162 qui
648 3077 740 3144 tollis
754 3090 898 3165 peccata
915 3078 1030 3145 mundi
1047 3080 1171 3146 exaudi
1190 3102 1268 3146 eum
1287 3079 1427 3166 domine

359 3187 493 3285 Agnus
514 3199 568 3266 dei
589 3201 645 3289 qui
666 3203 756 3270 tollis
777 3216 920 3291 peccata
933 3204 1049 3271 mundi
1097 3205 1208 3273 Parce
1233 3205 1263 3272 ei
1289 3204 1429 3272 domine

358 3311 491 3410 Aguus
516 3326 571 3393 dei
596 3327 652 3413 qui
678 3327 767 3396 tollis
792 3341 935 3418 peccata
961 3330 1077 3396 mundi
1124 3329 1226 3399 Dona
1250 3331 1280 3398 ei
1308 3352 1428 3418 pacem

361 3438 480 3517 Criste
504 3452 583 3519 audi
608 3476 682 3520 nos¹

360 3564 613 3664 Kyrieleyson.
662 3570 922 3668 Christeleyon.
970 3573 1253 3680 Kyrieleysons

358 3690 470 3767 Pater
495 3716 623 3770 noster.

357 3814 401 3882 Et
425 3840 468 3884 ne
492 3841 565 3887 nos.

359 3921 509 4003 Salvum
535 3936 588 4004 fac
613 3961 755 4006 seruum
781 3951 876 4007 tuum
901 3942 958 4008 uel
978 3941 1076 4009 ancil.
1102 3953 1206 4008 tuam.

358 4046 454 4117 Deus
479 4075 577 4120 meus
602 4069 801 4143 sperantem
826 4057 858 4123 in
884 4067 927 4124 te.

360 4154 467 4234 Mitte
492 4169 522 4235 ei
547 4171 686 4239 domine
710 4173 875 4240 auxilium
901 4173 944 4240 de
968 4186 1101 4240 sancto
1196 4213 1200 4220 ,

358 4278 400 4347 Et
425 4283 468 4350 de
493 4308 583 4374 syon
610 4301 667 4356 tue
693 4293 743 4370 (re
768 4294 869 4372 euml.

357 4387 477 4471 Nichil
502 4405 661 4493 proficiat
686 4406 841 4474 inimicus
866 4407 899 4474 in
925 4430 976 4474 eo.

358 4512 400 4580 Et
423 4512 513 4579 filius
539 4512 725 4601 iniquitatis
750 4537 818 4580 non
843 4527 995 4605 apponat
1021 4536 1148 4585 nocere
1173 4512 1213 4584 ei.
