3534 5392
798 513 842 580 53

341 671 500 769 Propter
525 703 651 748 nornen
684 693 781 748 tuum
813 678 951 747 domine
980 679 1234 768 propiciaberis
1262 694 1407 769 peccato

234 819 327 864 meo:
354 797 497 864 multum
521 809 575 865 est
599 797 700 866 enirn.

344 905 438 1008 Quis
462 926 516 981 est
540 914 646 982 homo
672 913 730 1001 qui
755 913 851 981 timet
875 915 1069 982 dominum:
1094 915 1209 1002 legem
1234 915 1353 982 statuit
1377 916 1408 983 ei

236 1030 269 1098 in
293 1029 350 1097 via
375 1053 477 1118 quarn
503 1031 620 1118 elegit.

269 1153 294 1239 J
341 1139 476 1215 Anima
512 1147 586 1214 eius
621 1147 655 1214 in
689 1148 790 1215 bonis
824 1147 1077 1214 demorabitur:
1112 1161 1146 1215 et
1181 1171 1300 1216 semen
1334 1149 1409 1216 eius

236 1262 441 1330 hereditabit
465 1277 606 1332 terram.

344 1370 624 1448 Firmamentum
657 1394 710 1449 est
743 1380 903 1447 dominus
935 1380 1136 1448 timentibus
1170 1403 1267 1448 eum:
1301 1393 1334 1449 et
1365 1395 1411 1449 te-

235 1509 445 1564 stamentum
472 1496 581 1585 ipsius
606 1510 643 1564 vt
668 1497 906 1565 manifestetur
931 1497 1005 1564 illis.

346 1604 452 1684 Oculi
476 1613 543 1680 mei
568 1636 707 1702 semper
733 1614 776 1680 ad
806 1613 997 1680 dominum:
1028 1613 1190 1701 quoniam
1220 1614 1295 1701 ipse
1323 1614 1412 1680 euel-

237 1729 284 1796 let
307 1730 350 1796 de
375 1731 499 1818 laqueo
525 1731 633 1819 pedes
658 1753 766 1798 meos

345 1838 506 1935 Respice
531 1848 563 1914 in
589 1871 643 1915 me
668 1860 701 1914 et
726 1846 893 1914 miserere
918 1845 1000 1914 mei:
1026 1846 1105 1934 quia
1130 1846 1251 1914 unicus
1276 1860 1309 1915 et
1333 1871 1413 1936 pau-

238 1985 301 2051 per
325 1985 402 2030 sum
428 1986 508 2051 ego,

348 2067 619 2148 Tribulationes
645 2079 761 2148 cordis
781 2079 848 2146 mei
868 2079 1092 2168 multiplicate
1112 2093 1207 2148 sunt:
1232 2081 1275 2148 de
1299 2103 1415 2149 neces-

239 2196 399 2263 sitatibus
424 2195 509 2263 meis
534 2219 617 2263 erue
642 2219 707 2264 me.

347 2303 446 2380 Vide
480 2313 706 2380 humilitatem
740 2335 853 2380 meam
887 2325 921 2380 et
952 2314 1108 2380 laborem
1140 2337 1270 2382 meum:
1305 2326 1339 2381 et
1371 2314 1415 2380 di·

242 2429 339 2496 mitte
363 2429 527 2496 universa
552 2429 675 2497 delicta
700 2451 786 2497 mea.

349 2536 511 2634 Respice
544 2546 701 2614 inimicos
740 2569 838 2614 meos
872 2546 1034 2634 quoniam
1071 2547 1285 2635 multiplicati
1321 2560 1416 2615 sunt:

242 2674 278 2728 et
300 2662 380 2730 odio
405 2662 520 2750 iniquo
546 2666 694 2731 oderunt
720 2687 783 2730 me.

350 2771 501 2848 Custodi
526 2780 675 2847 animam
700 2773 813 2848 meam
838 2794 872 2848 et
897 2803 979 2848 erue
1011 2803 1079 2848 me:
1110 2804 1179 2848 non
1211 2784 1416 2850 erubescam

242 2896 406 2982 quoniam
432 2896 572 2985 speravi
596 2897 629 2963 in
654 2909 696 2964 te.

350 3005 560 3081 Innocentes
581 3026 614 3080 et
634 3013 720 3080 recti
740 3014 950 3080 adheserunt
968 3013 1086 3082 michi:
1106 3015 1186 3101 quia
1205 3014 1352 3083 sustinui
1372 3028 1416 3083 te.

351 3129 485 3208 Libera
510 3140 596 3206 deus
621 3139 738 3206 israel:
768 3162 812 3206 ex
841 3139 1002 3206 omnibus
1031 3140 1309 3208 tribulationibus
1334 3141 1416 3208 suis

322 3263 325 3270 ’
353 3256 480 3335 Gloria
504 3264 604 3354 patri.

352 3381 456 3465 Sicut
481 3405 564 3459 erat.

698 3570 910 3664 Psalmus.'1)

353 3704 459 3781 Beati
484 3714 694 3782 immaculati
723 3715 755 3782 in
785 3715 856 3784 via:
891 3716 947 3804 qui
981 3717 1157 3785 ambulant
1187 3716 1219 3782 in
1251 3716 1331 3803 lege
1362 3717 1420 3782 do·

245 3829 335 3898 mini.

353 3938 461 4015 Beati
481 3948 538 4036 qui
558 3963 758 4018 scrutantur
778 3949 975 4018 testimonia
995 3950 1084 4018 eius:
1110 3963 1143 4017 et
1167 3949 1199 4016 in
1220 3961 1293 4017 toto
1314 3949 1421 4016 corde

245 4062 432 4149 exquirunt
457 4087 546 4133 eum.

355 4170 441 4248 Non
474 4181 565 4248 enim
599 4183 657 4271 qui
690 4196 875 4272 sperantur
909 4183 1139 4271 iniquitatem:
1176 4183 1208 4250 in
1244 4182 1310 4270 vijs
1346 4181 1420 4249 eius
1488 4200 1489 4203 ’

245 4297 521 4366 ambulauerunt.

355 4549 374 4618 ⁹)
394 4549 495 4604 Psalm
517 4550 575 4605 118.

272 4635 295 4676 J.
311 4635 439 4691 Freisen,
454 4639 565 4681 Manuale.
