3534 5392
782 498 824 582 67

628 778 819 918 Caput
854 772 979 888 XV.

216 1030 564 1112 Benedictiones‘
579 1030 819 1107 herbarum
835 1027 880 1106 in
896 1027 1209 1126 assumptione
1228 1028 1394 1108 beatae

597 1153 737 1232 marie
765 1153 1009 1252 virginis.1)

325 1334 544 1431 Svppliciter
578 1354 671 1408 tuam
705 1341 791 1408 deus
822 1341 1053 1428 deprecamur
1089 1339 1305 1406 clementiam
1336 1339 1395 1427 qui

219 1459 418 1528 mirabiliter
450 1482 492 1526 ex
525 1456 648 1525 nichilo
674 1455 809 1524 creasti.
836 1455 964 1544 quique
994 1468 1125 1523 terram
1150 1456 1290 1523 diuersa
1315 1479 1393 1544 pro-

218 1567 311 1633 ferre
344 1564 503 1652 germina
537 1563 734 1653 precepisti.
769 1576 803 1630 et
836 1575 873 1630 vt
907 1563 1178 1651 vniuscuiusque
1210 1585 1330 1630 semen
1361 1563 1394 1630 in
1512 1597 1516 1604 ·

218 1671 408 1759 semetipso
447 1684 602 1739 maneret
642 1693 748 1758 super
792 1683 923 1738 terram
963 1669 1124 1738 indidisti.
1178 1670 1221 1737 Et
1255 1670 1313 1758 qui
1348 1670 1394 1737 di·

219 1801 322 1846 uersa
360 1778 411 1846 eis
449 1779 780 1846 medicamentorum
817 1801 951 1865 genera
986 1779 1029 1844 ad
1065 1778 1220 1845 sananda
1255 1777 1395 1844 humani

219 1885 360 1972 generis
386 1908 536 1973 corpora
560 1884 767 1974 imposuisti.
792 1884 1000 1952 benedicere
1031 1897 1065 1952 et
1089 1884 1306 1952 sanctificare
1330 1884 1395 1952 bas

219 1991 348 2060 diuersi
380 1993 522 2080 generis
553 1993 681 2060 herbas
712 2006 770 2060 tua
794 1992 1008 2079 benignitate
1037 1991 1204 2078 digneris.
1252 1992 1299 2058 Vt
1324 1992 1393 2078 qui·

220 2121 367 2187 cumque
401 2122 444 2166 ex
478 2099 529 2167 eis
563 2123 606 2167 ex
638 2100 702 2167 hac
734 2099 940 2167 solennitate
972 2099 1162 2167 venerabili
1190 2110 1310 2166 sancte
1340 2098 1395 2166 dei

219 2205 398 2293 genitricis
424 2207 532 2274 marie
556 2219 635 2275 sunt
659 2207 840 2295 sumpturi.
867 2219 937 2274 tam
967 2205 1080 2273 anime
1105 2228 1207 2294 quam
1234 2206 1396 2294 corporis

220 2313 401 2381 sanitatem
427 2314 628 2402 percipiant.
661 2314 821 2402 quatinus
852 2313 1088 2381 intercedente
1117 2315 1218 2380 beata
1243 2335 1396 2401 semper·
1441 2346 1444 2354 ·

219 2443 286 2508 que
310 2419 447 2508 virgine
471 2420 598 2488 Maria:
630 2421 662 2488 in
699 2421 808 2488 odore
839 2434 980 2488 tuorum
1012 2433 1272 2506 unguentorum
1298 2443 1396 2506 para·

220 2527 285 2594 disi
321 2526 441 2595 ianuas
478 2540 675 2595 mereantur
710 2527 866 2595 introire.
924 2526 992 2594 Per
1034 2526 1181 2594 eundem
1217 2527 1395 2594 dominum

220 2647 388 2702 nostrum.

700 2868 913 2876 ——————

616 3130 808 3272 Caput
841 3125 998 3240 XVI.

548 3344 804 3425 Benedictio
833 3347 1074 3445 generalis

328 3522 498 3601 BEnedic
530 3533 669 3600 domine
702 3545 897 3602 creaturam
931 3535 1031 3601 istam
1056 3534 1098 3601 N.
1124 3547 1161 3601 vt
1186 3534 1230 3601 sit
1254 3535 1398 3602 remedi·

223 3673 281 3717 um
304 3649 458 3716 salutare
483 3649 605 3736 generi
629 3650 791 3717 humano.
817 3662 851 3717 et
881 3664 1023 3740 praesta
1051 3673 1114 3739 per
1143 3650 1397 3719 inuocationem

223 3755 372 3824 nominis
405 3755 463 3823 tui.
498 3768 535 3822 vt
569 3757 764 3845 quicunque
798 3781 840 3825 ex
875 3781 915 3826 ea
949 3758 1138 3846 sumpserit
1172 3758 1332 3847 corporis
1364 3771 1398 3826 et

224 3864 336 3930 anime
360 3862 502 3930 tutelam
529 3863 699 3952 percipiat
728 3863 796 3931 Per
825 3865 1012 3932 dominum.

330 3969 461 4037 Deinde
485 3980 715 4061 aspergantur
737 3981 769 4039 et
791 3972 1032 4053 thurzficentur.

332 4273 351 4341 ¹)
371 4273 432 4327 Der
451 4273 613 4344 Appendix
633 4273 677 4327 ad.
699 4272 756 4326 Rit.
777 4273 864 4326 Rom.
885 4291 913 4343 p.
933 4290 968 4343 42
987 4273 1037 4327 hat
1057 4274 1120 4328 eine
1140 4276 1249 4329 andere
1268 4275 1401 4344 Formel,

224 4362 335 4417 ebenso
350 4361 408 4416 Rit.
423 4361 583 4416 Monam-F
585 4361 684 4432 rising.
700 4378 727 4432 p.
742 4364 803 4431 246.
818 4380 860 4432 sq.
881 4362 937 4416 wie
956 4363 1031 4416 auch
1046 4361 1184 4418 Manuale
1199 4364 1256 4418 Rit.
1271 4364 1397 4421 Paderb.

223 4451 253 4507 ll.
276 4468 328 4522 170
346 4469 389 4521 sq.
428 4451 482 4504 Die
505 4450 670 4506 benedictio
694 4452 731 4505 ad
749 4468 844 4506 novas
864 4450 966 4522 fruges
985 4452 1014 4506 in
1034 4452 1237 4524 assumptione
1255 4455 1281 4510 b.
1302 4453 1339 4510 M.
1361 4454 1399 4510 V.

223 4541 276 4595 der
295 4541 423 4612 Agenda
442 4540 584 4611 Mindens.
605 4539 652 4596 fol.
672 4541 709 4610 89
727 4541 763 4595 ist
783 4541 903 4611 eigener
924 4541 988 4596 Art.
