3570 5402
943 472 987 516 20

755 626 949 695 Secundum
972 628 1172 695 Mattheum.

484 770 520 837 In
555 769 612 838 illo
646 782 815 858 tempore.
870 769 1108 838 Accesserunt
1146 771 1189 838 ad
1228 771 1361 839 ihesum
1400 769 1553 860 pharisei

378 889 589 963 temptantes
623 899 701 944 eum
736 888 770 944 et
804 876 967 945 dicentes.
1024 874 1064 945 Si
1097 877 1175 945 licet
1213 877 1342 946 homini
1379 877 1552 946 dimittere

376 1006 524 1052 vxorem
550 1006 649 1052 suam
674 1006 879 1072 quacunque
909 1005 952 1051 ex
982 985 1112 1052 causa?
1145 983 1214 1070 Qui
1245 986 1462 1074 respondens
1493 984 1550 1052 ait.

376 1091 455 1159 Non
479 1090 616 1179 legistis
637 1090 717 1179 quia
741 1090 800 1178 qui
820 1090 899 1158 fecit
923 1091 967 1158 ab
993 1091 1093 1159 inicio
1115 1092 1307 1160 masculum
1332 1105 1366 1159 et
1390 1091 1551 1160 feminam

377 1198 458 1266 fecit
483 1221 545 1266 eos
570 1211 603 1265 et
628 1197 722 1265 dixit.
769 1197 920 1287 Propter
944 1199 1010 1266 hoc
1042 1197 1190 1266 dimittet
1223 1199 1328 1267 homo
1359 1212 1493 1287 patrem
1518 1212 1551 1266 et

376 1318 538 1374 matrem:
561 1317 595 1373 et
614 1305 794 1372 adherebit
814 1306 916 1373 vxori
938 1328 1015 1373 sue:
1035 1318 1069 1373 et
1089 1319 1189 1373 erunt
1209 1307 1278 1373 duo
1296 1305 1328 1373 in
1351 1328 1455 1375 carne
1473 1329 1550 1374 vna.

376 1413 496 1500 Itaque
516 1412 588 1501 jam
614 1435 683 1480 non
708 1423 787 1480 sunt
811 1412 892 1480 duo.
917 1413 979 1480 sed
1004 1436 1072 1480 vna
1096 1435 1189 1481 caro.
1222 1412 1327 1499 Quod
1351 1436 1440 1501 ergo
1465 1413 1551 1482 deus

377 1519 552 1608 conjunxit
576 1519 681 1587 homo
706 1542 775 1587 non
800 1530 951 1608 separat.

851 1731 1082 1822 Offertort'um.

482 1875 691 1944 Benedictus
725 1876 770 1944 sit
803 1876 890 1944 deus
924 1889 1024 1965 pater
1060 1876 1329 1966 vnigenitusque
1362 1876 1416 1944 dei
1450 1877 1549 1945 filius.

375 1994 516 2050 sanctus
541 2005 679 2071 quoque
703 1982 856 2072 spiritus.
882 1982 939 2072 qui
964 1982 1042 2051 fecit
1067 1984 1248 2052 nobiscum
1273 1984 1550 2053 misericordiam

375 2112 485 2158 suam.

887 2268 1035 2337 Secreta.

483 2411 639 2510 Suscipe
663 2419 801 2490 domine
825 2443 891 2509 pro
916 2443 1017 2488 sacra
1042 2421 1203 2509 connubij
1228 2421 1317 2508 lege.
1343 2442 1468 2490 munus
1492 2422 1551 2490 ob·

375 2537 492 2604 latum.
518 2547 552 2604 et
577 2536 673 2604 cuius
697 2536 845 2622 largitor
869 2559 908 2604 es
933 2536 1061 2626 operis.
1087 2550 1163 2604 esto
1188 2550 1222 2605 et
1247 2537 1447 2626 dispositor.
1482 2537 1550 2606 Per

375 2656 530 2712 eristum.

916 2823 1010 2890 Alia.

482 2963 631 3055 Suscipe
664 2979 697 3033 et
722 2965 896 3035 sanctifica
928 2988 1117 3054 quesumus
1151 2966 1290 3034 domine
1323 2989 1386 3054 per
1415 2967 1463 3034 tui
1493 2990 1549 3035 no·

376 3072 475 3141 minis
509 3072 763 3142 invocationem
798 3072 900 3141 huius
938 3073 1121 3141 oblationis
1155 3073 1320 3141 hostiam:
1360 3087 1392 3141 et
1426 3097 1550 3163 coope-

376 3191 475 3248 rante
511 3179 635 3268 spiritu
671 3192 793 3248 sancto
829 3202 892 3268 per
935 3202 1011 3247 eam
1051 3180 1286 3269 nosmetipsos
1325 3180 1385 3248 tibi
1420 3180 1550 3270 perfice

375 3309 499 3354 munus
524 3299 692 3355 eternum.
740 3287 808 3356 Per
833 3287 927 3355 crist.

481 3447 677 3535 Antequam
697 3448 832 3514 dicatur
854 3447 927 3516 Pax
952 3447 1080 3515 domini
1098 3451 1285 3540 prostratis
1308 3473 1423 3516 coram
1447 3451 1554 3518 altari

374 3555 507 3623 dicitur.

482 3680 690 3777 Propiciare
710 3711 900 3776 quesumus
920 3689 1059 3756 domine
1079 3688 1384 3778 supplicationibus
1409 3691 1548 3758 nostris

374 3816 409 3873 et
438 3803 602 3872 institutis
626 3804 704 3874 tuis.
729 3803 854 3894 quibus
885 3805 1116 3894 propaginem
1151 3805 1292 3893 generis
1325 3805 1465 3873 humani
1496 3829 1550 3873 or-

375 3911 510 3979 dinasti.
536 3911 708 3998 benignus
732 3912 875 3980 assiste:
909 3925 946 3980 vt
978 3912 1071 4000 quod
1096 3925 1129 3979 te
1161 3926 1305 3980 auctore
1328 3910 1481 4000 geritur:
1515 3925 1549 3980 te

374 4018 561 4086 auxiliante
586 4030 756 4086 seruetur.
804 4018 872 4087 Per
897 4019 1050 4088 eristum.

902 4215 1032 4284 Oratzo.

481 4358 585 4437 Deus
618 4366 676 4455 qui
709 4381 884 4457 potestate
918 4367 1053 4437 virtutis
1087 4381 1144 4438 tue
1183 4369 1227 4438 de
1262 4367 1387 4438 nichilo
1427 4383 1549 4436 cuncta

376 4483 569 4572 procreasti
601 4484 659 4572 qui
684 4484 863 4573 dispositis
895 4485 1131 4554 vniuersitatis
1163 4483 1318 4574 exordijs
1346 4483 1476 4552 homini
1505 4485 1550 4553 ad
