3534 5392
922 461 967 548 36

780 759 972 904 Caput
1008 761 1112 870 VI.

518 1014 629 1094 Post
668 1014 978 1114 egressionem
1015 1015 1161 1094 anime
1199 1015 1372 1095 infirmi.

604 1138 941 1219 Commendatio
969 1140 1115 1219 anime
1143 1140 1253 1219 eius.
1263 1141 1287 1238 1)

466 1320 664 1400 Subuenite
695 1328 804 1395 sancti
836 1327 891 1394 dei
923 1327 1097 1394 occurrite
1121 1329 1238 1414 angeli
1270 1329 1399 1396 domini
1428 1330 1533 1397 susci-

358 1445 492 1534 pientes
517 1445 665 1513 animam
686 1445 769 1511 eius.
795 1443 983 1512 offerentes
1000 1467 1077 1512 eam
1097 1444 1129 1511 in
1151 1458 1340 1534 conspectu
1362 1446 1532 1514 altissimi.

882 1623 1013 1690 Oratio.

465 1745 551 1827 Tibi
585 1756 723 1823 domine
755 1757 1039 1823 commendamus
1073 1756 1222 1824 animam
1257 1757 1373 1824 famuli
1408 1758 1456 1826 tui
1489 1757 1531 1826 N.

358 1886 395 1940 vt
430 1874 614 1940 defunctus
647 1872 776 1939 seculo,
814 1872 872 1938 tibi
907 1871 1018 1939 vivat:
1055 1884 1088 1939 et
1122 1894 1188 1959 que
1222 1895 1285 1960 per
1310 1873 1531 1960 fragilitatem

359 1981 529 2048 mundane
561 1978 836 2047 conuersationis
869 1991 1014 2067 peccata
1045 1979 1183 2047 admisit
1216 1993 1250 2046 tu
1277 1981 1377 2048 venia
1402 1981 1532 2048 miseri·

357 2088 563 2156 cordissime
587 2086 725 2175 pietatis
749 2089 926 2173 absterge.
974 2086 1012 2154 P.
1037 2109 1084 2153 cr.

880 2265 1011 2332 Oratio.

465 2392 750 2470 Misericordiam
777 2412 871 2467 tuam
896 2399 1034 2466 domine
1050 2412 1170 2467 sancte
1191 2411 1289 2486 pater
1312 2399 1533 2487 omnipotens

356 2532 475 2585 eterne
494 2516 580 2584 deus
594 2515 731 2604 pietatis
744 2515 870 2583 affectu
889 2538 1019 2603 rogare
1037 2538 1102 2603 pro
1120 2515 1194 2603 alijs
1212 2515 1374 2602 cogimur
1392 2515 1450 2603 qui
1466 2538 1534 2603 pro

358 2625 486 2694 nostris
515 2623 712 2714 supplicare
743 2607 896 2711 peccatis
928 2645 1145 2711 nequaquam
1177 2622 1384 2689 sufficimus:
1417 2635 1532 2690 tamen

357 2732 401 2799 de
416 2744 483 2799 ,tua
507 2730 628 2798 confisi
645 2729 773 2818 pietate
791 2729 953 2816 gratuita.
975 2743 1009 2797 et
1022 2730 1139 2797 inolita
1153 2729 1365 2817 benignitate
1388 2729 1533 2797 clemen-

357 2838 439 2906 tiam
453 2850 545 2906 tuam
561 2837 794 2926 deposcimus
816 2850 853 2905 vt
869 2837 1020 2905 animam
1040 2837 1157 2904 famuli
1178 2837 1224 2904 tui
1245 2837 1287 2905 N.
1302 2838 1345 2904 ad
1366 2849 1400 2903 te
1417 2859 1532 2904 rever-

358 2958 486 3013 tentem
512 2969 589 3013 cum
615 2945 742 3035 pietate
767 2945 947 3034 suscipias
984 2945 1083 3013 Assit
1107 2945 1137 3011 ei
1164 2947 1311 3031 angelus
1336 2943 1531 3014 testamenti

357 3052 404 3120 tui
430 3053 585 3121 michael.
611 3065 645 3121 et
670 3076 732 3140 per
753 3075 874 3120 manus
895 3065 1095 3120 sanctorum
1116 3065 1256 3119 tuorum
1278 3051 1366 3119 inter
1390 3066 1532 3120 sanctos

357 3173 390 3226 et
415 3159 545 3228 electos
570 3173 650 3228 tuos
675 3160 707 3227 in
738 3160 814 3226 sinu
838 3160 979 3228 abrahe.
1005 3160 1108 3226 isaac.
1134 3171 1167 3226 et
1197 3159 1297 3226 iacob
1321 3161 1531 3248 patriarcba·

357 3289 433 3334 rum
458 3280 598 3335 tuorum
630 3291 707 3335 eum
733 3267 907 3335 collocare
936 3266 1102 3354 digneris.
1127 3265 1287 3353 quatinus
1312 3265 1456 3334 liberata
1488 3267 1531 3334 dc

357 3373 570 3463 principibus
604 3377 836 3443 tenebrarum.
871 3387 904 3442 et
939 3374 982 3442 de
1012 3373 1097 3441 locis
1127 3396 1305 3461 penarum.
1332 3374 1432 3441 nullis
1463 3374 1530 3441 iam

358 3481 514 3570 primeve
547 3481 708 3550 vanitatis
722 3487 744 3564 ²)
779 3483 834 3549 vel
864 3481 1068 3570 ignorancie
1096 3495 1154 3548 aut
1179 3481 1321 3569 proprie
1345 3480 1532 3569 iniquitatis

357 3612 418 3657 seu
444 3588 641 3676 fragilitatis
673 3588 904 3657 confundatur
932 3589 1121 3656 erroribus
1169 3585 1241 3656 Sed
1266 3588 1382 3676 potius
1406 3610 1532 3677 agnos·

357 3709 455 3764 catur
479 3720 499 3764 a
523 3696 602 3765 tuis.
628 3709 661 3764 et
686 3709 805 3764 sancte
830 3695 1049 3765 beatitudinis
1075 3695 1194 3782 requie
1226 3695 1436 3784 perfruatur.
1483 3693 1531 3762 Ut

358 3826 436 3871 cum
463 3803 579 3892 magni
606 3803 718 3892 iudicij
744 3804 818 3871 dies
845 3803 1035 3872 aduenerit
1067 3802 1153 3870 inter
1178 3815 1318 3870 sanctos
1343 3815 1377 3868 et
1401 3801 1532 3869 electos

466 4073 485 4138 ¹)
506 4070 561 4127 Rit.
583 4071 668 4125 Rom.
690 4071 734 4126 cit.
755 4088 781 4142 p.
804 4087 855 4140 125
874 4087 917 4140 sq.
938 4070 987 4123 bat
1011 4069 1124 4124 andere
1149 4068 1273 4124 Gebete.
1312 4067 1442 4136 Agenda
1462 4067 1531 4122 Min·

357 4163 439 4216 dens
459 4159 507 4215 sol.
528 4160 650 4217 XXXII.
676 4161 725 4215 hat
748 4161 822 4216 nach
846 4161 899 4214 der
918 4149 1028 4228 illung:
1055 4159 1100 4214 Da
1124 4175 1239 4212 crucem
1260 4157 1377 4212 infirmo
1397 4167 1426 4211 et
1445 4156 1532 4211 incita

357 4268 423 4306 eum
445 4250 484 4304 ad
503 4251 691 4307 devotionem
713 4261 742 4305 et
762 4249 937 4304 memoriam
954 4247 1105 4319 passionis.

465 4339 485 4406 ²)
506 4339 545 4396 Es
569 4341 647 4396 steht
670 4339 822 4402 nanitatis.
848 4338 992 4393 viellcicbt
1011 4355 1068 4392 von
1092 4355 1206 4393 nannus
1268 4353 1374 4391 narnus
1394 4361 1418 4378 -
1438 4345 1532 4390 etwas

357 4431 533 4500 gewaltsam
554 4433 598 4486 als
619 4429 711 4484 Psand
731 4445 768 4484 an
790 4429 850 4483 sich
871 4430 1012 4496 nehmen,
1032 4427 1144 4482 rauben
1165 4428 1232 4496 tvgl.
1254 4426 1299 4480 Du
1319 4427 1429 4496 Cangc,
1450 4424 1531 4479 Glos-

356 4521 465 4574 sarium
488 4523 562 4576 tttcd.
584 4523 611 4576 in
633 4521 678 4576 inl.
698 4521 764 4581 lati.
806 4519 886 4573 Docli
908 4517 1184 4573 wahrsclicinliclrcr
1205 4516 1404 4570 l)rurklclilcr.
