3534 5392
777 487 817 554 31

736 645 866 712 Oratio.

317 771 415 837 Deus
449 770 506 858 qui
538 770 670 836 facture
700 782 761 836 tuo
786 769 843 858 pio
868 793 1007 856 semper
1037 771 1225 838 dominaris
1250 772 1387 839 affectu.

211 877 337 945 inclina
372 900 492 944 aurem
526 889 621 944 tuam
655 877 963 964 supplicationibus
997 879 1126 946 nostris
1160 891 1193 946 et
1223 879 1386 950 famulum

211 999 308 1052 tuum
334 985 374 1051 N.
404 1008 446 1051 ex
476 985 585 1051 adusa
615 984 810 1051 valetudine
844 985 1003 1073 corporis
1034 986 1246 1080 laborantem
1277 987 1387 1074 placa-

214 1106 269 1160 tus
294 1091 454 1179 accipias,
488 1104 521 1158 et
553 1091 654 1159 visita
687 1091 720 1158 in
752 1092 893 1159 salutari
927 1106 996 1160 tuo.
1030 1115 1069 1160 ac
1100 1093 1236 1160 celestis
1268 1095 1388 1181 gracie

214 1211 332 1284 presta
358 1199 572 1267 medicinam.
598 1222 631 1286 p.
678 1249 681 1256 .

318 1324 404 1404 Ant.
453 1333 624 1400 Dominus
665 1335 801 1402 locutus
840 1346 892 1401 est
928 1333 1104 1423 discipulis
1145 1335 1216 1403 suis
1257 1336 1387 1404 dicens.

212 1450 246 1517 ln
267 1450 406 1517 nomine
428 1473 505 1517 meo
527 1450 687 1517 demonia
707 1451 818 1538 eijcite
842 1464 876 1518 et
900 1473 1006 1538 super
1031 1474 1139 1538 egros
1165 1475 1287 1520 manus
1313 1476 1389 1520 ves-

211 1570 283 1625 tras
308 1557 475 1645 imponite
500 1570 534 1625 et
558 1559 647 1624 bene
673 1559 858 1627 habebunt.

318 1665 496 1742 Psalmus.
544 1673 694 1742 Domine
718 1698 761 1742 ne
786 1675 819 1742 in
844 1676 887 1742 su.

737 1918 868 1986 Oratio.

321 2061 422 2136 Deus
459 2069 515 2156 qui
551 2070 703 2137 humano
739 2071 862 2157 generi
897 2085 931 2139 et
967 2072 1087 2140 salutis
1128 2073 1319 2140 remedium
1356 2086 1389 2141 et

216 2185 285 2251 vite
314 2197 433 2252 eterne
463 2209 606 2253 munera
632 2187 805 2256 contulisti
835 2211 1008 2256 conserva
1037 2189 1165 2256 famulo
1191 2202 1250 2256 tuo
1275 2189 1317 2257 N.
1342 2203 1389 2257 tu·

213 2315 311 2359 arum
346 2294 437 2360 dona
472 2293 637 2361 virtutum
672 2308 706 2362 et
738 2297 905 2364 concede:
937 2309 974 2363 vt
1003 2297 1171 2364 medelam
1202 2310 1295 2364 tuam
1320 2320 1388 2364 non

212 2400 324 2467 solum
350 2401 384 2466 in
410 2423 561 2488 corpore
586 2401 813 2469 verumetiam
839 2403 871 2469 in
897 2403 1010 2470 anima
1035 2404 1168 2472 sentiat.
1216 2405 1254 2472 P.

318 2528 516 2624 Antiphon.
565 2535 638 2604 Cor
672 2537 859 2604 contritum
893 2551 926 2606 et
959 2538 1172 2606 humiliatum
1202 2540 1288 2606 deus
1320 2563 1388 2606 non

214 2651 394 2740 despicies,

740 2869 869 2937 Oratio.

321 3012 504 3089 Virtutum
530 3021 708 3088 celestium
734 3022 830 3090 deus.
856 3022 912 3110 qui
937 3025 980 3090 ab
1001 3022 1160 3090 humanis
1181 3023 1390 3111 corporibus

214 3159 349 3204 omnem
384 3137 593 3224 languorum
629 3152 662 3206 et
702 3162 838 3206 omnem
876 3138 1118 3207 infirmitatem.
1154 3139 1309 3228 precepti
1343 3139 1391 3206 tui

212 3255 386 3330 potestate
410 3246 563 3333 depellis
590 3247 711 3314 adesto
736 3246 914 3335 propicius
944 3246 1023 3314 huic
1048 3247 1177 3314 famulo
1202 3259 1261 3314 tuo
1286 3247 1328 3315 N.
1354 3260 1391 3314 vt

213 3351 345 3438 fugatis
376 3352 644 3421 infirmitatibus
671 3367 705 3420 et
736 3353 869 3421 viribus
895 3354 1055 3442 receptis.
1081 3377 1206 3421 nomen
1231 3368 1390 3422 sanctum

213 3470 319 3527 tuum.
345 3459 535 3528 instaurata
561 3461 720 3548 protinus
745 3461 908 3529 sanitate:
933 3461 1124 3530 benedicat.
1171 3461 1209 3529 P.

319 3586 470 3682 Antiph.
529 3593 673 3664 Saluum
714 3596 767 3663 fac
809 3619 951 3664 seruum
988 3610 1085 3664 tuum
1124 3597 1262 3663 domine
1305 3597 1390 3663 deus

213 3733 312 3778 meus
346 3724 543 3799 sperantem
579 3713 611 3779 in
645 3726 688 3782 te.
723 3713 859 3781 custodi
888 3713 1036 3781 animam
1067 3713 1141 3780 eius
1171 3713 1333 3800 quoniam
1358 3711 1389 3778 in

214 3829 247 3883 te
271 3819 438 3906 speravit.

737 4038 868 4105 Oratio.

321 4179 557 4276 Omnipotens
581 4190 792 4278 sempiterne
817 4191 918 4257 deus:
943 4189 1000 4277 qui
1025 4189 1240 4277 egritudines
1265 4187 1390 4255 anima·

213 4326 290 4370 rum
316 4305 459 4392 depellis
480 4319 513 4373 et
534 4330 737 4394 corporum:
763 4307 878 4395 auxilij
899 4306 947 4373 tui
968 4329 1074 4395 super
1095 4306 1266 4373 infirmum
1287 4305 1389 4372 istum

214 4416 359 4481 ostende
394 4415 568 4482 virtutem.
616 4415 663 4482 Ut
696 4438 763 4502 ope
798 4413 1034 4482 misericordie
1066 4426 1125 4480 tuo
1159 4411 1312 4479 adiutus:
1347 4413 1389 4479 ad

214 4524 330 4592 omnia
355 4523 493 4612 pietatis
519 4536 576 4590 tue
601 4523 716 4590 officia
740 4535 934 4610 reparetur.
982 4522 1019 4590 Ρ.
