3570 5402
476 663 614 743 Sancte
639 695 756 740 marce
1323 698 1386 741 ora
1410 697 1475 762 pro
1499 697 1542 740 eo

476 788 614 868 Sancte
638 797 715 865 luca
1321 824 1384 868 ora
1408 823 1474 888 pro
1499 824 1541 867 eo

475 913 616 993 Omnes
639 924 750 991 sancti
774 924 923 1012 apostoli
949 938 983 991 et
1003 925 1241 1010 euangelistae
1285 939 1385 994 orate
1409 949 1475 1014 pro
1499 949 1541 994 eo

474 1057 613 1137 Sancte
636 1067 806 1155 stephane
1321 1094 1384 1138 ora
1409 1094 1475 1158 pro
1499 1095 1541 1138 eo

474 1184 612 1264 Sancte
635 1192 789 1260 clemens
1323 1220 1387 1263 ora
1410 1220 1476 1284 pro
1500 1221 1542 1263 eo

472 1309 609 1390 Sancte
633 1318 780 1386 laurenti
1320 1345 1383 1389 ora
1408 1346 1473 1410 pro
1498 1347 1541 1390 eo

473 1435 612 1515 Sancte
636 1443 785 1513 vincenti
1321 1472 1385 1515 ora
1409 1471 1475 1535 pro
1499 1472 1541 1515 eo

476 1560 616 1640 Omnes
639 1571 749 1638 sancti
775 1572 936 1638 martires
1285 1587 1385 1641 orate
1408 1597 1475 1661 pro
1499 1597 1541 1640 eo

473 1704 611 1785 Sancte
634 1713 795 1782 siluester
1322 1740 1386 1785 ora
1409 1741 1475 1805 pro
1499 1742 1542 1784 eo

474 1830 611 1911 Sancte
636 1839 782 1906 martine
1323 1867 1387 1910 ora
1411 1866 1476 1932 pro
1500 1867 1543 1910 eo

474 1957 612 2037 Sancte
636 1964 768 2034 nicolae
1320 1993 1384 2037 ora
1408 1994 1474 2058 pro
1499 1994 1541 2038 eo

473 2083 610 2164 Sancte
634 2092 814 2160 benedicte
1322 2120 1386 2163 ora
1409 2119 1475 2185 pro
1500 2119 1543 2163 eo

474 2208 613 2288 Omnes
637 2203 747 2285 sancti
772 2217 994 2286 confessores
1284 2235 1384 2289 orate
1407 2246 1472 2310 pro
1497 2246 1540 2290 eo

475 2353 613 2434 Sancta
637 2361 748 2428 maria
773 2363 979 2448 magdalena
1322 2390 1386 2433 ora
1410 2389 1476 2454 pro
1500 2390 1544 2434 eo

475 2477 610 2561 Sancta
636 2487 726 2556 lucia
1323 2515 1387 2558 ora
1411 2514 1477 2580 pro
1501 2516 1545 2559 eo

477 2603 613 2687 Sancta
637 2613 756 2681 cecilia
1323 2641 1386 2684 ora
1410 2641 1476 2705 pro
1500 2641 1543 2684 eo

478 2729 613 2813 Sancta
638 2752 837 2825 margareta
1323 2766 1385 2810 ora
1410 2765 1543 2831 proco

476 2854 613 2938 Sancta
637 2865 817 2950 gertrudis
1323 2891 1386 2935 ora
1410 2892 1475 2956 pro
1500 2893 1542 2936 eo

476 2979 611 3062 Sancta
636 2992 808 3058 dorothea
1323 3011 1386 3060 ora
1409 3017 1475 3082 pro
1500 3018 1542 3062 eo

474 3106 614 3186 Omnes
639 3129 758 3185 sancte
784 3117 942 3204 virgines
967 3131 1001 3185 et
1026 3119 1130 3186 vidue
1288 3133 1386 3187 orate
1411 3142 1544 3209 proco

475 3232 614 3312 Omnes
639 3242 748 3311 sancti
1288 3259 1386 3313 orate
1409 3268 1475 3334 pro
1500 3268 1543 3312 eo

474 3377 664 3473 Propicius
688 3398 765 3454 esto
1218 3410 1323 3476 parce
1347 3388 1378 3455 ei
1403 3387 1544 3455 domine

475 3502 665 3599 Propicius
689 3523 766 3579 esto
1151 3513 1276 3580 exaudi
1301 3536 1380 3580 eum
1405 3513 1545 3580 domine

475 3628 666 3726 Propicius
694 3649 770 3705 esto
1169 3638 1275 3706 libera
1300 3661 1378 3706 eum
1404 3637 1543 3706 domine

474 3752 537 3834 Ab
562 3762 655 3829 omni
681 3762 771 3830 malo
1170 3765 1276 3832 libera
1302 3787 1379 3832 eum
1405 3764 1543 3831 domine

474 3878 538 3960 Ab
563 3887 694 3956 insidiis
718 3887 846 3956 diaboli
1169 3889 1277 3958 libera
1301 3913 1379 3957 eum
1405 3888 1544 3957 domine

474 4004 515 4086 A
538 4013 718 4081 subitanea
742 4027 776 4081 et
801 4013 991 4103 improuisa
1015 4027 1127 4082 morte
1163 4015 1194 4083 l'.

475 4129 516 4211 A
539 4137 690 4227 peccatis
714 4139 786 4206 suis
954 4205 958 4214 ,
1165 4141 1274 4208 libera
1299 4162 1378 4207 eum
1405 4139 1544 4208 domine

475 4254 539 4336 Ab
564 4265 760 4351 egritudine
783 4288 846 4332 sua
1172 4266 1279 4334 libera
1303 4287 1381 4332 eum
1407 4264 1545 4332 domine

475 4381 517 4463 A
541 4403 652 4459 morte
677 4404 845 4480 perpetua
1167 4392 1274 4461 libera
1299 4414 1377 4458 eum
1403 4390 1544 4457 domine

474 4506 516 4588 A
539 4517 636 4605 penis
662 4517 784 4585 inferni
1169 4519 1277 4586 libera
1301 4541 1380 4585 eum
1406 4516 1544 4584 domine
