3534 5392
352 641 415 722 Ab
442 651 534 717 omni
561 651 652 717 malo
1049 648 1157 716 libera
1182 671 1259 715 eum
1285 647 1424 714 domine

351 769 426 846 Per
451 776 751 844 annunciationem
776 789 809 843 et
835 775 1009 843 natitatem

406 908 501 961 tuam
1048 891 1156 959 libera
1181 914 1259 958 eum
1285 889 1423 958 domine

353 1002 427 1079 Per
453 1033 592 1077 crucem
617 1022 651 1076 et
675 1009 873 1097 passionem
900 1021 994 1076 tuam
1046 1009 1064 1075 l.
1089 1031 1169 1075 eum
1194 1009 1226 1076 d.

352 1127 426 1204 Per
465 1149 619 1203 sanctam
659 1135 951 1202 resurrectionem
992 1147 1026 1202 et

405 1252 598 1340 gloriosam
623 1251 864 1319 ascensionem
889 1264 982 1318 tuam
1063 1251 1170 1318 libera
1189 1273 1266 1318 eum
1283 1248 1422 1315 domine

351 1360 426 1437 Per
450 1369 607 1456 graciam
632 1367 740 1435 sancti
766 1367 909 1455 spiritus
933 1391 1030 1455 para-

407 1484 476 1551 cliti
1033 1484 1087 1551 lib.
1113 1507 1191 1551 eum

352 1592 394 1668 In
420 1599 475 1667 die
499 1599 613 1689 iudicij
1047 1600 1155 1667 libera
1180 1625 1259 1667 eum
1284 1599 1423 1667 domine

353 1716 571 1793 Peccatores
1003 1739 1035 1792 te
1060 1749 1231 1812 rogamus
1255 1725 1334 1792 audi
1359 1749 1423 1792 nos

293 1859 296 1868 ’
354 1842 407 1920 Ut
431 1873 553 1939 pacem
578 1851 608 1919 ei
634 1853 743 1919 dones
981 1852 1035 1919 Te
1060 1874 1230 1939 rogamus
1255 1851 1334 1918 audi
1359 1874 1423 1918 nos

354 1968 407 2046 Ut
436 1977 678 2044 remissionem
708 1978 861 2045 omnium
892 1990 1047 2066 peccato·

406 2115 483 2159 rum
508 2117 653 2160 suorum
679 2093 709 2160 ei
736 2093 847 2160 dones
985 2094 1038 2161 Te
1062 2116 1231 2180 rogamus
1256 2093 1334 2160 audi
1359 2116 1424 2160 nos

354 2200 407 2294 Ut
431 2233 450 2276 a
476 2210 565 2276 lecto
585 2209 792 2297 egritudinis
812 2210 868 2298 pie
893 2223 926 2278 et
952 2210 1048 2277 mise-

410 2325 594 2393 ricorditer
620 2349 697 2393 eum
723 2327 881 2393 releuare
905 2326 1061 2414 digneris
1097 2326 1150 2393 Te
1175 2349 1225 2394 ro.

355 2433 408 2511 Ut
442 2465 564 2509 sanum
599 2454 703 2529 atque
729 2441 936 2509 incolumem
970 2465 1047 2509 eum

411 2558 557 2625 ecclesie
583 2570 640 2625 tue
661 2571 780 2626 sancte
804 2571 1049 2647 representare

410 2665 565 2752 digneris
1085 2667 1139 2734 Te
1163 2690 1263 2754 roga.

355 2772 409 2850 Ut
434 2803 498 2847 nos
524 2782 689 2849 exaudire
713 2782 870 2869 digneris
985 2783 1039 2850 Te
1063 2805 1232 2870 rogamus
1257 2782 1336 2850 audi
1361 2804 1425 2848 nos

355 2896 425 2973 Fili
451 2905 506 2973 dei
981 2908 1035 2975 Te
1059 2930 1230 2994 rogamus
1255 2907 1334 2976 audi
1360 2929 1424 2974 nos

262 3117 265 3125 ,
355 3040 489 3135 Agnus
503 3050 558 3117 dei
572 3050 629 3138 qui
644 3051 736 3118 tollis
750 3063 894 3139 peccata
911 3050 1026 3118 mundi
1043 3052 1167 3119 exaudi
1185 3073 1264 3118 eum
1284 3049 1423 3138 domine

355 3164 488 3261 Agnus
509 3175 564 3242 dei
585 3176 642 3264 qui
662 3177 753 3244 tollis
774 3188 917 3265 peccata
930 3177 1045 3244 mundi
1093 3176 1204 3244 Parce
1229 3177 1259 3244 ei
1285 3175 1425 3243 domine

354 3288 487 3386 Aguus
512 3301 566 3368 dei
592 3302 648 3389 qui
674 3302 764 3370 tollis
789 3315 931 3391 peccata
958 3302 1073 3368 mundi
1120 3302 1222 3370 Dona
1246 3302 1277 3370 ei
1303 3324 1424 3390 pacem

357 3415 476 3494 Criste
500 3427 579 3494 audi
605 3450 679 3495 nos.

356 3540 610 3638 Kyrieleyson.
659 3545 919 3642 Christeleyon.
967 3545 1223 3652 Kyrieleyson.

356 3665 467 3744 Pater
492 3691 620 3745 noster.

355 3790 398 3859 Et
423 3816 465 3860 ne
489 3817 562 3861 nos.

356 3896 506 3980 Salvum
532 3911 585 3979 fac
610 3936 752 3980 seruum
777 3927 873 3981 tuum
899 3915 955 3981 uel
976 3913 1073 3980 ancil.
1099 3926 1204 3980 tuam.

355 4023 451 4092 Deus
476 4050 575 4096 meus
599 4043 799 4118 sperantem
824 4031 855 4098 in
880 4042 924 4098 te.

357 4131 465 4209 Mitte
489 4144 520 4210 ei
545 4146 683 4213 domine
708 4146 873 4214 auxilium
898 4147 941 4213 de
966 4158 1099 4213 sancto.

356 4254 398 4324 Et
423 4258 466 4325 de
490 4284 581 4348 syon
607 4276 665 4330 tue
690 4267 740 4343 (re
765 4268 867 4345 eum).

356 4363 474 4447 Nichil
500 4380 659 4468 proficiat
683 4379 839 4447 inimicus
864 4380 897 4447 in
922 4404 974 4446 e0.

356 4488 398 4556 Et
422 4488 511 4555 iilius
536 4487 723 4574 iniquitatis
748 4510 816 4554 non
841 4499 993 4578 apponat
1019 4508 1146 4557 nocere
1171 4485 1212 4557 ci.
