3534 5392
806 480 847 544 27

238 635 437 703 visitatione
469 635 647 703 salutifera
682 635 823 703 uisitare
855 636 1020 724 digneris
1069 636 1112 704 Et
1146 637 1234 704 sicut
1269 639 1413 706 visitasti

237 743 391 811 thobiam
416 757 450 810 et
474 765 601 811 saram.
626 757 660 810 et
680 765 819 810 socrum
842 744 941 830 petri.
965 765 1180 832 puerumque
1194 746 1413 813 centurionis.

238 851 286 919 ita
319 863 353 918 et
386 851 451 918 iste
485 850 630 938 pristina
663 850 811 918 sanitate
844 850 966 918 anime.
1000 852 1229 940 corporisque
1262 867 1412 942 recepta.

239 958 432 1047 gratiarum
457 957 517 1025 tibi
541 957 574 1024 in
599 957 745 1026 ecclesia
770 958 898 1026 referat
923 959 1104 1026 actionem.
1140 959 1207 1026 Per
1233 959 1413 1028 Christum

240 1066 425 1133 dominum.

344 1173 417 1251 An.
443 1182 495 1248 Ne
520 1182 788 1250 remininiscaris
813 1183 952 1249 domine
977 1183 1102 1250 delicta
1132 1197 1252 1251 nostra
1278 1186 1331 1251 uel
1358 1209 1412 1273 pa·

239 1311 372 1365 rentum
408 1311 619 1366 nostrorum.
653 1322 765 1387 neque
804 1298 990 1378 vindictam
1030 1323 1148 1366 sumas
1183 1301 1226 1366 de
1260 1302 1412 1389 peccatis

237 1418 378 1472 nostns

343 1515 412 1592 us’
443 1522 671 1605 (versiculus).
718 1523 828 1591 Parce
853 1522 991 1591 domine
1016 1545 1121 1610 parce
1145 1546 1249 1590 seruo
1275 1537 1344 1591 tuo.
1370 1547 1412 1591 ne

235 1639 267 1706 in
293 1653 451 1707 eternum
476 1639 639 1707 irascaris
664 1639 705 1708 ei.

663 1819 826 1907 Sequitur
849 1821 984 1886 leturu'u.

345 1961 599 2059 Kyrieleyson.
648 1963 903 2060 Cristeleyson.
951 1963 1206 2061 Kyrieleyson.

345 2087 464 2166 Criste
489 2097 568 2164 audi
593 2121 666 2164 nos.

342 2213 515 2292 Saluator
540 2223 667 2291 mundi.
692 2223 818 2291 adiuua
843 2247 918 2293 nos.

341 2339 480 2418 Sancta
506 2349 624 2418 maria.
1190 2375 1252 2420 ora
1277 2377 1341 2442 pro
1367 2377 1409 2421 eo

341 2464 479 2543 Sancta
504 2473 559 2542 dei
582 2474 733 2562 genitrix
1190 2501 1252 2545 ora
1276 2502 1341 2567 pro
1365 2502 1408 2546 eo

342 2589 480 2668 Sancta
505 2599 608 2688 virgo
635 2600 809 2688 virginum
1188 2626 1250 2670 ora
1275 2627 1339 2692 pro
1365 2628 1408 2672 eo

341 2716 478 2795 Sancte
504 2726 649 2793 michael
1188 2754 1250 2798 ora
1275 2754 1340 2819 pro
1365 2755 1407 2799 eo

341 2841 478 2920 Sancte
503 2852 639 2939 gabriel
1190 2879 1252 2924 ora
1276 2880 1341 2944 pro
1366 2882 1408 2924 eo

340 2967 477 3046 Sancte
502 2978 645 3065 raphael
1188 3005 1250 3049 ora
1276 3006 1340 3070 pro
1365 3008 1407 3050 eo

342 3093 480 3172 Omnes
504 3103 614 3171 sancti
638 3104 755 3191 angeli
780 3118 813 3171 et
837 3105 1039 3191 archangeli
1149 3119 1248 3174 orate
1273 3131 1338 3194 pro
1364 3132 1406 3175 eo

340 3218 478 3297 Sancte
502 3227 669 3296 iohannes
694 3229 844 3318 baptista
1178 3255 1253 3321 orp.

340 3343 479 3422 Omnes
503 3353 613 3422 sancti
639 3355 834 3442 patriarche
859 3371 893 3424 et
917 3361 1088 3447 prophete
1145 3371 1243 3426 orate
1268 3384 1300 3449 p.

339 3469 477 3548 Sancte
502 3493 600 3568 petre
1187 3512 1249 3557 ora
1274 3512 1339 3578 pro
1363 3515 1406 3557 eo

338 3594 476 3673 Sancte
500 3607 601 3694 paule
1183 3638 1246 3682 ora
1271 3638 1336 3701 pro
1361 3640 1403 3682 eo

338 3720 476 3799 Sancte
500 3732 630 3799 andrea
1185 3764 1248 3808 ora
1272 3764 1337 3829 pro
1362 3765 1405 3808 eo

339 3845 476 3924 Sancte
500 3856 621 3925 iacobe
1186 3890 1248 3934 ora
1273 3889 1338 3955 pro
1363 3889 1405 3933 eo

339 3972 477 4051 Sancte
501 3983 667 4054 iohannes
1186 4017 1249 4060 ora
1274 4016 1339 4082 pro
1364 4017 1407 4060 eo

338 4098 475 4177 Sancte
500 4109 652 4200 philippe
811 4183 816 4196 ,
1184 4142 1247 4187 ora
1272 4142 1337 4207 pro
1362 4143 1404 4187 eo

337 4223 475 4302 Sancte
500 4237 740 4306 bartholomee
1184 4268 1247 4312 ora
1270 4269 1335 4334 pro
1361 4270 1403 4313 eo

337 4349 475 4428 Sancte
500 4362 636 4430 mathee
1182 4394 1245 4439 ora
1270 4395 1335 4460 pro
1361 4395 1403 4438 eo

337 4475 475 4554 Sancte
498 4510 623 4577 symon
1183 4521 1245 4565 ora
1270 4521 1335 4587 pro
1360 4522 1403 4568 eo
