3534 5392
921 424 966 510 56

634 599 699 666 Ad
719 601 873 668 dandam
891 611 1013 689 peram
1038 611 1070 668 et
1091 601 1256 669 baculum.

463 726 603 822 Accipe
638 735 727 801 hanc
763 757 882 823 peram
920 747 954 802 et
989 735 1080 802 hunc
1114 737 1275 803 baculum
1308 736 1440 804 itineris
1474 738 1536 806 tui.

357 848 393 915 ln
425 849 564 917 nomine
598 851 728 919 domini
760 852 871 920 nostri
902 850 1001 919 ihesu
1033 851 1128 920 cristi
1161 866 1194 920 et
1225 853 1384 922 dominus
1413 867 1537 922 noster

357 956 577 1045 omnipotens
602 958 659 1046 qui
684 957 813 1026 famulo
838 971 898 1026 tuo
929 959 1048 1026 thobie
1077 960 1241 1048 angelum
1266 983 1367 1028 suum
1391 961 1538 1049 raphae-

355 1063 423 1130 lem
448 1064 492 1130 ad
517 1065 709 1133 custodiam
743 1067 796 1134 sui
830 1066 921 1134 misit
956 1067 1035 1155 lpse
1066 1066 1127 1134 tibi
1155 1068 1319 1154 angelum
1349 1091 1450 1135 suum
1475 1069 1537 1135 bo·

356 1193 438 1237 num
471 1171 630 1259 previum
665 1173 777 1240 mittat
811 1173 867 1261 qui
899 1185 932 1240 te
963 1196 1040 1240 cum
1071 1197 1158 1262 pace
1187 1175 1231 1241 ad
1260 1175 1338 1242 loca
1362 1175 1537 1243 destinata

357 1277 505 1345 deducat
530 1291 563 1346 et
588 1280 631 1346 ad
656 1278 799 1369 propria
823 1279 1030 1348 incolumem
1055 1283 1233 1370 perducat.
1281 1280 1359 1350 Per.

791 1636 982 1778 Caput
1018 1631 1089 1744 X.

427 1849 684 1931 Benedictio
715 1852 981 1932 cibariorum
1010 1853 1054 1930 in
1083 1853 1236 1952 vigilia
1264 1877 1416 1953 pasce.
1433 1855 1460 1953 ²)

465 2008 525 2088 Te
556 2042 679 2088 verum
704 2044 846 2109 agnum.
880 2034 914 2088 te
947 2022 1061 2088 solum
1094 2021 1321 2091 innocentem.
1354 2036 1389 2091 te
1419 2025 1534 2092 solum

356 2134 432 2202 sine
455 2136 589 2224 peccati
613 2136 757 2205 alieuius
790 2138 933 2205 macula.
966 2150 1000 2205 te
1032 2160 1154 2205 verum
1184 2140 1404 2207 sacerdotem
1430 2140 1536 2209 deuo-

356 2241 501 2310 tissimis
530 2243 677 2312 vocibus
709 2265 830 2312 omnes
860 2243 1063 2312 inuocamus
1087 2257 1124 2312 vt
1149 2245 1249 2312 istius
1280 2245 1373 2333 agni.
1399 2260 1433 2315 et
1458 2248 1536 2316 siue

356 2349 424 2418 sint
455 2349 689 2439 cuiuscunque
720 2351 876 2419 animalis
908 2374 1041 2420 carnes
1074 2375 1094 2419 a
1125 2364 1159 2419 te
1188 2353 1255 2420 deo
1280 2353 1364 2421 vivo
1389 2367 1422 2421 et
1445 2378 1534 2422 vero

357 2457 477 2526 creati.
511 2457 697 2526 benedicas
730 2458 970 2526 benedictione
1003 2459 1132 2528 celesti.
1180 2459 1226 2528 Ut
1261 2459 1455 2549 quicunque
1489 2485 1535 2530 ex

357 2564 425 2633 illis
450 2564 483 2632 in
508 2577 567 2632 tuo
591 2565 811 2633 sanctissimo
836 2566 975 2633 nomine
999 2567 1219 2654 gustauerint
1250 2567 1426 2635 verissimi
1449 2570 1535 2655 agni

357 2671 452 2739 cristi
487 2671 659 2759 sanguine
695 2685 816 2739 contra
852 2672 1037 2760 dyabolica
1078 2671 1354 2741 machinamenta
1390 2675 1535 2744 defensi.

356 2777 551 2848 Salubriter
587 2779 705 2846 viuant
743 2778 775 2846 in
814 2779 1144 2868 perturbationibus
1186 2781 1303 2847 mundi
1343 2794 1377 2848 et
1415 2781 1536 2849 felicis-

356 2886 442 2954 sime
480 2885 685 2975 perueniant
721 2887 765 2953 ad
803 2886 1003 2975 praeclaras
1044 2886 1250 2954 festiuitates
1282 2887 1414 2976 requiei
1447 2911 1536 2956 sem-

356 3005 500 3082 prterne.

878 3171 1010 3240 Oratio.

461 3298 565 3375 Deus
590 3307 753 3375 universe
779 3307 892 3375 carnis
921 3307 1089 3376 conditor.
1123 3307 1181 3396 qui
1206 3331 1272 3375 noe
1304 3320 1337 3375 et
1361 3307 1439 3395 filijs
1464 3309 1534 3376 tuis

356 3426 400 3492 de
424 3423 561 3492 mundis
594 3435 629 3492 et
658 3423 842 3491 immundis
874 3423 1079 3491 animalibus
1114 3436 1279 3513 precepta
1304 3423 1437 3492 dedisti.
1463 3425 1534 3512 qui-

357 3553 425 3620 que
460 3531 548 3600 sicut
584 3531 681 3600 olera
721 3531 909 3598 herbarum
946 3531 1097 3598 humano
1133 3531 1255 3618 generi
1295 3531 1534 3619 quadrupedia

358 3639 486 3707 munda
519 3640 625 3707 edere
648 3637 837 3727 permisisti
870 3638 940 3723 Qui
971 3660 1101 3725 agnum
1134 3638 1167 3705 in
1197 3651 1334 3727 egypto
1359 3637 1475 3725 moysi
1499 3651 1533 3706 et

356 3746 487 3835 populo
512 3758 572 3814 tuo
592 3745 625 3813 in
646 3745 767 3834 vigilia
787 3746 917 3835 pasche
937 3745 1125 3814 comedere
1144 3745 1343 3835 precepisti.
1364 3746 1398 3813 in
1417 3746 1533 3834 figura

356 3853 439 3942 agni
471 3852 601 3921 domini
630 3852 742 3920 nostri
775 3851 873 3921 ihesu
907 3852 1013 3921 cristi.
1072 3851 1180 3921 Cuius
1214 3852 1386 3940 sanguine
1418 3852 1534 3920 omnia

356 3960 591 4049 primogenita
624 3959 658 4027 in
691 3959 812 4049 egipto
842 3973 1028 4049 percutere
1060 3959 1257 4049 precepisti.
1294 3982 1441 4028 servans
1475 3981 1534 4047 po·

356 4068 475 4156 pulum
508 4079 605 4134 tuum
639 4067 721 4155 agni
756 4067 927 4156 sanguine
957 4080 1189 4155 prenotatum.
1215 4066 1363 4155 dignare
1394 4066 1534 4134 domine

463 4299 483 4366 ⁶)
504 4298 594 4354 Diese
613 4298 717 4354 Oratio
743 4298 800 4352 und
825 4295 873 4351 die
898 4294 1053 4367 folgenden
1077 4295 1181 4350 stehen
1204 4295 1283 4350 nicht
1305 4295 1345 4349 im
1365 4295 1424 4350 Rit.
1444 4295 1532 4351 Rom.

355 4405 383 4460 p.
410 4389 465 4444 266
487 4405 531 4460 sq.
570 4386 639 4460 Vgl.
658 4387 785 4458 Agenda
804 4385 892 4440 Mind.
912 4385 1035 4440 betrefss
1060 4385 1157 4440 dieser
1181 4383 1369 4455 Segnungen.
1407 4383 1534 4454 Anm.5

356 4476 437 4534 Seite
456 4477 564 4535 XXXI.
