3534 5392
671 479 674 486 “
771 511 814 578 33

732 668 862 738 Oratio.

312 799 468 876 Domine
499 818 618 874 sancte
656 819 755 894 pater
794 805 1013 900 omnipotens
1047 819 1167 873 eterne
1202 807 1288 875 deus
1323 808 1379 896 qui

205 923 455 993 benedictionis
494 936 553 990 tue
593 921 743 1009 gratiam
784 921 880 1009 egris
917 921 1126 995 infundendo
1161 923 1380 1012 corporibus,

206 1032 375 1100 facturam
407 1044 500 1099 tuam
533 1028 709 1117 multiplici
741 1029 868 1117 pietate
899 1030 1087 1116 gubernas,
1120 1031 1163 1098 ad
1196 1031 1381 1100 inuocatio-

209 1163 287 1207 nem
311 1138 359 1205 tui
383 1137 531 1205 nominis
564 1137 736 1225 benignus
767 1132 903 1204 assiste.
951 1135 997 1204 Ut
1029 1136 1192 1214 famulum
1218 1151 1314 1208 tuum
1338 1139 1380 1210 N.

209 1246 388 1314 liberatum
413 1244 620 1333 egritudine.
651 1257 684 1312 et
709 1243 846 1312 sanitati
871 1245 1035 1311 donatum
1069 1245 1212 1313 dextera
1236 1245 1295 1314 tua
1320 1247 1382 1315 eri-

208 1377 284 1442 gas.
326 1353 454 1421 virtute
497 1352 693 1420 confirmes
740 1363 913 1439 potestate
955 1352 1096 1422 tuearis
1136 1354 1282 1423 ecclesie
1323 1368 1382 1424 tue

208 1474 336 1530 sancte.
361 1460 600 1550 altaribusque
619 1459 696 1527 tuis.
721 1481 798 1526 cum
819 1457 911 1526 omni
929 1459 1126 1528 desiderata
1146 1463 1381 1550 prosperitate

207 1580 440 1658 representes.
488 1567 526 1636 P.
551 1591 599 1636 cr.

313 1695 403 1774 Ant.
451 1701 627 1772 Succurre
651 1699 792 1769 domine
820 1702 957 1769 infirmo
984 1703 1062 1770 huic
1086 1715 1120 1770 et
1145 1704 1279 1772 medica
1303 1729 1381 1773 eum

207 1819 378 1909 spirituali
404 1821 640 1889 medicamine.
688 1821 734 1890 Ut
759 1819 901 1909 pristine
926 1819 1074 1887 sanitate
1098 1844 1118 1888 a
1142 1833 1176 1888 te
1200 1821 1382 1891 restitutus

208 1927 401 2014 gratiarum
425 1927 485 1995 tibi
509 1927 637 2030 referat
662 1927 843 1997 actionem.

730 2125 860 2192 Oratio.

317 2248 554 2346 Omnipotens
578 2259 789 2347 sempiterne
820 2259 906 2326 deus
938 2257 995 2346 qui
1024 2281 1087 2346 per
1117 2257 1276 2326 iacobum
1301 2283 1381 2348 apo-

207 2374 335 2441 stolum
369 2386 464 2441 tuum
500 2374 614 2443 induci
648 2375 864 2464 presbiteros
898 2374 1043 2442 ecclesie
1074 2388 1108 2442 et
1139 2398 1273 2462 ungere
1305 2376 1382 2443 oleo

207 2481 365 2549 infirmos
399 2482 597 2571 precepisti.
624 2495 657 2550 te
682 2504 886 2572 quesumus:
921 2495 957 2549 vt
982 2480 1137 2569 digneris
1167 2505 1230 2570 per
1261 2505 1383 2551 manus

208 2601 358 2657 nostras
384 2590 475 2657 hunc
499 2589 663 2657 famulum
694 2603 790 2658 tuum
815 2590 856 2657 N.
882 2589 1065 2658 infirmum.
1091 2591 1135 2657 de
1159 2590 1236 2656 oleo
1261 2589 1383 2657 sancti·

210 2694 312 2763 ficato
336 2719 472 2784 ungere
496 2709 530 2764 et
554 2697 770 2766 benedicere.
796 2699 862 2764 hoc
886 2709 1001 2764 autem
1022 2697 1115 2784 quod
1140 2720 1205 2765 nos
1230 2696 1383 2764 exterius

211 2813 271 2869 tuo
297 2803 480 2872 carismate
500 2805 772 2894 complectimur.
797 2806 864 2872 hoc
887 2803 1030 2871 interius
1050 2817 1108 2871 tua
1133 2804 1247 2871 divina
1272 2803 1383 2871 virtus

210 2909 408 2996 spiritaliter
433 2934 473 2978 ac
497 2911 713 2980 inuisibiliter
738 2913 925 2979 clementer
950 2923 1124 2999 operetur.
1171 2910 1209 2978 P.

315 3035 510 3134 Antiphon.
558 3045 666 3116 Sanet
689 3060 723 3114 te
748 3046 908 3114 dominus
933 3045 1050 3113 ihesus
1070 3044 1196 3112 cristus
1221 3046 1265 3112 ab
1290 3045 1383 3112 omni

210 3160 407 3248 egritudine
430 3175 489 3230 tua
513 3174 547 3230 et
572 3162 718 3230 dimittet
742 3163 801 3230 tibi
826 3163 940 3230 omnia
964 3174 1106 3250 peccata
1131 3174 1199 3229 tua.

515 3342 635 3410 Oratio
660 3343 709 3409 od
730 3366 846 3409 omnes
869 3343 1046 3408 vnclzones.
1063 3345 1085 3423 ¹)

317 3465 431 3561 Ungo
465 3488 499 3543 te
533 3477 611 3544 oleo
644 3489 765 3544 sancto
803 3476 839 3543 ln
873 3475 1011 3543 nomine
1044 3475 1153 3563 patris
1187 3488 1221 3543 et
1257 3475 1314 3563 filij
1350 3487 1383 3541 et

210 3591 353 3679 spiritus
379 3592 498 3660 sancti.
545 3591 643 3661 Sicut
668 3593 765 3660 vnxit
796 3592 928 3660 samuel
960 3591 1063 3658 david
1094 3613 1215 3679 regem
1247 3604 1280 3658 et
1304 3614 1385 3679 pro-

209 3698 360 3784 phetam.
407 3699 454 3767 Ut
478 3722 546 3767 non
571 3700 675 3768 lateat
699 3700 731 3767 in
756 3713 791 3768 te
810 3699 953 3789 spiritus
984 3699 1190 3767 immundus.
1215 3720 1327 3787 neque
1351 3698 1384 3764 in

211 3805 377 3874 membris
395 3829 508 3896 neque
531 3806 564 3874 in
583 3807 751 3876 medullis.
776 3830 888 3896 neque
905 3807 938 3873 in
963 3807 1031 3874 ulla
1048 3806 1257 3895 compagine
1282 3828 1384 3872 mem·

211 3910 356 3979 brorum
380 3925 530 3982 tuorum.
574 3912 645 3983 Sed
681 3915 714 3982 in
748 3927 782 3983 te
811 3915 941 3982 habitet
961 3914 1072 3982 virtus
1097 3912 1192 3981 cristi
1217 3912 1383 3982 altissimi.

212 4029 246 4084 et
270 4017 413 4106 spiritus
436 4022 557 4090 sancti.

214 4198 426 4210 --—-—

320 4288 339 4355 ¹)
359 4287 414 4343 Die
439 4288 553 4344 Gebete
581 4287 626 4343 bei
655 4289 708 4342 der
731 4277 894 4358 Olungdm
918 4286 975 4343 Rit.
1000 4286 1087 4342 Rom.
1113 4303 1140 4356 p.
1165 4286 1201 4356 84
1225 4303 1269 4356 sq.
1289 4286 1385 4340 haben

211 4377 322 4432 andere
350 4377 448 4432 Form.
492 4378 620 4448 Agenda
649 4377 737 4433 Mind.
767 4376 815 4430 sol.
842 4376 941 4430 XXIX
968 4376 1018 4430 hat
1044 4392 1100 4429 vor
1126 4376 1184 4429 den
1210 4375 1384 4430 Unctiones:

212 4464 274 4521 Ora
289 4484 377 4522 unum
392 4476 478 4538 pater
497 4476 599 4522 noster
614 4484 669 4537 pro
685 4465 801 4521 infirmo
813 4473 843 4519 et
854 4465 961 4536 inunge
981 4482 1046 4519 eum
1068 4465 1105 4518 ad
1124 4472 1260 4534 tempora
1280 4473 1310 4519 et
1328 4483 1385 4519 non

212 4556 248 4610 ad
268 4555 394 4611 frontem
414 4557 461 4610 ubi
481 4557 508 4611 in
529 4554 749 4611 confirmatione
769 4571 786 4608 a
806 4554 913 4608 christo
933 4551 1064 4609 inunctus
1083 4562 1135 4610 cst.
