3570 5402
960 469 982 535 8

388 649 629 716 mandatorum
654 660 793 714 tuorum
818 647 862 714 ad
886 668 978 713 nove
1009 643 1288 733 regenerationis
1312 643 1463 731 gratiam
1487 665 1565 732 per-

388 754 508 824 venire
532 768 717 824 mereatur.
765 753 804 822 P.

911 913 1042 982 Oratio.

495 1060 597 1139 Deus
631 1068 689 1156 qui
727 1066 866 1136 humani
903 1065 1045 1152 generis
1081 1065 1128 1134 ita
1164 1089 1202 1134 es
1239 1065 1407 1134 conditor.
1443 1077 1481 1132 ut
1516 1064 1567 1132 sis

389 1185 490 1254 etiam
511 1185 721 1252 reformator
742 1182 938 1272 propiciare
962 1181 1101 1271 populis
1125 1181 1300 1271 adoptivis
1325 1194 1358 1249 et
1383 1204 1476 1248 novo
1499 1192 1567 1248 tes·

388 1303 541 1361 tamento
570 1292 728 1360 subolem
760 1313 852 1358 nove
880 1289 988 1379 prolis
1019 1288 1184 1358 asscribe.
1216 1302 1253 1356 ut
1282 1288 1340 1378 filij
1364 1287 1567 1377 promissio·

389 1399 441 1467 nis
465 1399 558 1488 quod
592 1421 661 1466 non
696 1397 848 1487 potuerit
882 1397 1023 1484 assequi
1055 1419 1119 1485 per
1152 1396 1312 1464 meritum
1342 1396 1495 1484 gaudeat
1528 1419 1568 1464 se

389 1506 565 1595 recepisse
589 1527 652 1594 per
677 1505 838 1591 gratiam.
885 1526 948 1593 per
974 1526 1021 1572 cr.

497 1667 721 1735 Exorcasmus
744 1667 840 1733 salis.
887 1664 936 1733 Et
957 1674 1036 1732 notu
1056 1666 1150 1754 quod
1171 1664 1320 1733 Oramus
1342 1689 1409 1733 non
1433 1666 1572 1734 dz'cutur

390 1776 440 1842 ud
460 1776 607 1863 aliquem
631 1775 864 1841 exorcismum.

497 1899 681 1977 Exorcizo
713 1920 747 1975 te
777 1919 938 1974 creatura
969 1907 1050 1974 salis
1075 1906 1108 1973 in
1140 1907 1277 1974 nomine
1305 1905 1570 1996 patris†omni·

393 2025 557 2115 potentis,
582 2023 673 2092 etin
697 2023 841 2093 caritate
873 2023 1002 2091 domini
1026 2023 1288 2110 nostri†Jhesu
1313 2023 1419 2092 cristi.
1467 2023 1512 2090 Et
1539 2024 1572 2090 in

394 2130 711 2221 virtute†spiritus
745 2131 864 2199 sancti.
920 2129 1093 2199 Exorcizo
1127 2143 1161 2222 te
1194 2144 1355 2199 creatura
1388 2131 1471 2199 salis
1503 2154 1572 2219 per

392 2238 668 2323 deum†viuum,
693 2260 756 2327 per
781 2239 1067 2322 deum†verum,
1092 2261 1156 2327 per
1180 2238 1480 2328 deum†sanctum
1504 2261 1573 2328 per

393 2348 496 2414 deum
521 2345 579 2434 qui
603 2358 637 2414 te
660 2347 706 2413 ad
729 2346 870 2413 tutelam
895 2344 1033 2413 humani
1063 2345 1204 2433 generis
1227 2345 1428 2434 procreavit
1451 2358 1486 2413 et
1510 2369 1572 2435 po·

392 2453 475 2543 pulo
499 2451 650 2520 venienti
675 2453 718 2519 ad
750 2451 988 2520 credulitatem
1017 2475 1080 2540 per
1105 2475 1229 2520 seruos
1259 2475 1343 2521 suos
1368 2453 1571 2521 consecrari

394 2559 583 2650 praecepit.
630 2559 782 2628 Proinde
815 2582 986 2647 rogamus
1016 2571 1050 2627 te
1081 2559 1219 2627 domine
1250 2572 1369 2628 sancte
1400 2561 1487 2628 deus
1513 2584 1571 2628 no·

394 2681 478 2736 ster.
504 2679 540 2733 vt
564 2668 629 2733 hec
654 2680 813 2734 creatura
838 2665 919 2734 salis
944 2665 980 2732 [n
1005 2667 1143 2734 nomine
1173 2666 1501 2746 sanctettrinitatis
1526 2668 1571 2735 ef·

393 2774 528 2842 ficiatur
562 2773 714 2841 salutare
747 2786 1014 2842 sacramentum.
1056 2773 1099 2841 ad
1129 2773 1354 2860 effugandum
1383 2774 1570 2842 inimicum.

394 2903 498 2968 quarn
531 2892 567 2948 tu
599 2879 739 2947 domino
771 2880 1019 2948 sanctificando
1052 2880 1303 2964 sanctiifices:
1328 2881 1569 2949 benedicendo

392 2987 628 3072 bene†dicas.
674 2986 722 3055 Ut
754 2987 813 3055 fiat
845 2988 1005 3056 omnibus
1038 2987 1254 3056 sumentibus
1286 2988 1441 3077 perfecta
1465 2989 1570 3057 medi·

393 3094 469 3161 cina
489 3116 697 3183 permanens
728 3094 761 3161 in
786 3094 979 3163 uisceribus
1011 3118 1143 3162 eorum.
1191 3095 1227 3162 In
1252 3094 1389 3162 nomine
1413 3095 1569 3164 eiusdem

394 3200 524 3268 domini
548 3200 659 3268 nostri
684 3200 782 3269 ihesu
808 3201 904 3270 cristi
935 3202 994 3290 qui
1018 3215 1186 3270 venturus
1214 3215 1267 3270 est
1287 3202 1445 3290 judicare
1468 3203 1569 3270 uiuos

392 3318 427 3375 et
451 3319 609 3375 mortuos
634 3320 668 3376 et
692 3309 847 3376 seculum
872 3332 935 3397 per
961 3309 1089 3397 ignem.
1135 3309 1260 3378 Amen.

767 3469 833 3536 Hic
857 3471 962 3538 datur
984 3471 1042 3537 sal
1061 3471 1195 3554 rosanti.

500 3595 641 3691 Accipe
674 3604 726 3671 sal
759 3604 928 3693 sapientie
960 3605 1176 3694 propiciatus
1193 3609 1214 3688 1)
1249 3605 1292 3673 sit
1324 3604 1384 3672 tibi
1416 3606 1503 3674 deus
1537 3605 1568 3671 in

395 3719 501 3788 vitam
527 3730 694 3790 eternam.
740 3720 866 3788 Amen.

502 3827 582 3905 Pax
606 3835 677 3904 tibi.
725 3835 768 3904 Et
793 3860 872 3905 cum
897 3837 1020 3926 spiritu
1044 3850 1114 3905 tuo.

740 4006 852 4097 Super
874 4016 1054 4096 utrumque
1077 4031 1222 4075 oremuS.

503 4130 606 4209 Deus
641 4154 779 4228 patrum
820 4154 1022 4210 nostrorum
1064 4142 1150 4209 deus
1185 4142 1370 4210 uniuersae
1411 4142 1567 4209 conditor

397 4267 568 4325 creature.
609 4255 663 4323 Te
686 4258 862 4347 supplices
887 4280 1085 4326 exoramus,
1111 4271 1147 4325 vt
1172 4257 1261 4326 hunc
1286 4258 1450 4326 famulum
1475 4270 1565 4324 tuum

506 4487 525 4553 ¹)
546 4485 604 4542 Rit.
623 4485 709 4540 Rom.
730 4485 777 4540 cit.
796 4503 824 4557 p.
846 4502 891 4557 14:
916 4484 1092 4556 propiciatio
1118 4486 1156 4541 sit
1175 4486 1223 4542 tibi
1242 4486 1318 4542 deus
1337 4486 1367 4541 in
1387 4486 1435 4542 vit.
1456 4494 1566 4540 aetem.
