3570 5402
943 443 964 506 4

877 630 1034 699 Oramus,

473 777 686 854 Immensam
707 783 924 852 elementiam
944 796 1038 851 tuam
1064 783 1284 872 omnipotens
1304 796 1424 851 eterne
1443 784 1540 851 Deus

366 901 539 969 humiliter
571 901 798 991 imploramus
831 912 868 968 ut
899 900 987 977 hanc
1011 912 1218 986 „creaturam
1252 901 1334 968 salis
1370 923 1473 988 quam
1507 900 1539 966 in

366 1030 467 1075 usum
500 1008 640 1080 humani
674 1007 816 1095 generis
849 999 1013 1082 tribuisti
1042 1007 1313 1093 ,Beneldicere
1345 1020 1378 1075 et
1411 1008 1541 1084 sanct†

367 1114 484 1182 ificare
509 1138 573 1204 pro
599 1128 657 1183 tua
681 1114 810 1203 pietate
834 1107 995 1202 digneris.
1016 1113 1120 1182 utsit
1141 1113 1301 1181 omnibus
1326 1113 1541 1181 sumentibus

366 1222 461 1290 salus
496 1221 618 1289 mentis
652 1235 686 1289 et
720 1222 879 1311 corporis
913 1239 947 1289 et
975 1211 1143 1310 'quidquid
1175 1244 1219 1288 ex
1250 1244 1293 1289 eo
1325 1234 1454 1289 tactum
1486 1221 1541 1288 vel

365 1352 568 1418 respersum
596 1328 699 1396 fuerit
724 1340 839 1397 careat
864 1329 957 1396 omni
982 1327 1200 1397 immundicia
1226 1328 1388 1417 omnique
1408 1327 1540 1416 impug-

366 1437 506 1504 natione
531 1435 720 1525 spiritualis
745 1436 901 1525 nequicie
925 1460 957 1525 p.
983 1437 1074 1504 dom.

741 1703 999 1783 Benedictio
1030 1727 1159 1802 aque.

473 1880 654 1959 Exorcizo
692 1901 726 1958 te
759 1903 918 1958 creatura
955 1912 1045 1978 aque
1078 1890 1114 1957 ln
1144 1891 1282 1959 nomine
1315 1889 1371 1958 dei
1399 1890 1542 1979 patris†

366 2005 614 2095 omnipotentis
648 2019 682 2073 et
716 2006 747 2074 in
782 2006 922 2075 nomine
956 2006 1029 2088 iesu
1067 2006 1275 2090 cristi†filii
1308 2006 1382 2095 ejus
1411 2007 1541 2074 domini

366 2113 477 2180 nostri
510 2125 544 2180 et
577 2113 610 2180 in
642 2113 771 2181 virtute
802 2113 883 2201 spir.
916 2113 1103 2192 sanctilut
1128 2113 1191 2181 fias
1223 2136 1313 2202 aqua
1343 2113 1541 2182 exorcizata

366 2220 410 2288 ad
435 2219 658 2308 effugandam
683 2243 821 2288 omnem
846 2233 1057 2308 potestatem
1090 2220 1216 2289 inimici
1240 2233 1274 2288 et
1298 2220 1411 2310 ipsum
1436 2220 1541 2288 inimi·

366 2349 443 2394 cum
469 2327 650 2395 eradicare
674 2341 706 2395 et
730 2329 933 2415 explantare
958 2328 1076 2396 valeas
1101 2351 1180 2395 cum
1204 2327 1340 2416 angelis
1365 2327 1437 2396 suis
1461 2352 1541 2417 apo-

365 2433 506 2502 staticis.
553 2434 621 2501 Per
645 2434 810 2503 virtutem
835 2435 991 2523 ejusdem
1016 2435 1144 2502 domini
1171 2434 1282 2503 nostri
1314 2435 1412 2530 ihesu
1438 2436 1541 2503 cristi.

366 2539 436 2626 Qui
465 2553 633 2610 venturus
667 2554 720 2609 est
747 2541 904 2631 judicare
938 2541 1039 2610 uiuos
1069 2554 1103 2609 et
1134 2554 1292 2610 mortuos
1321 2555 1355 2610 et
1383 2543 1539 2612 seculum

366 2670 429 2737 per
455 2649 585 2736 ignem.

893 2871 1024 2940 Oratio.

474 3023 578 3101 Deus
602 3033 660 3121 qui
683 3033 728 3100 ad
752 3033 892 3101 humani
922 3033 1064 3120 generis
1090 3035 1239 3102 maxima
1268 3057 1405 3123 queque
1428 3057 1542 3104 sacra·

367 3160 482 3216 menta
513 3148 546 3215 in
571 3171 740 3237 aquarum
771 3149 965 3217 substantia
991 3149 1175 3218 condidisti
1206 3151 1330 3218 adesto
1354 3151 1542 3221 invocatio-

366 3253 467 3323 nibus
492 3255 621 3324 nostris
646 3269 680 3324 et
705 3257 876 3324 elemento
906 3256 984 3324 huic
1010 3256 1221 3324 multimodis
1244 3257 1542 3345 purificationibus

365 3376 554 3451 preparato
578 3363 743 3432 virtutem
767 3376 825 3431 tue
851 3363 1285 3448 benedictionislinfunde
1310 3365 1356 3434 Ut
1381 3379 1542 3434 creatura

366 3469 510 3559 misterij
535 3469 583 3538 tui
603 3470 662 3538 tibi
682 3471 840 3539 seruiens
865 3471 908 3538 ad
928 3470 1140 3560 abjiciendos
1161 3471 1360 3541 daemones.
1387 3475 1542 3542 morbos·

366 3599 434 3665 que
456 3577 647 3666 pellendos.
678 3577 792 3646 diuine
827 3578 940 3665 gratie
977 3589 1091 3645 sumat
1120 3578 1281 3646 effectum
1311 3592 1347 3648 ut
1377 3581 1542 3669 quidquid

365 3683 397 3751 in
423 3684 585 3752 domibus
609 3685 665 3752 vel
688 3684 775 3752 locis
799 3683 951 3752 fidelium
982 3686 1046 3753 hec
1075 3685 1167 3753 unda
1191 3687 1401 3775 resperserit
1425 3701 1542 3756 careat

366 3789 597 3860 immundicia.
631 3790 797 3860 liberetur
822 3815 842 3860 a
871 3815 973 3862 noxa.
1008 3815 1077 3861 non
1112 3792 1178 3861 illic
1212 3793 1364 3862 resideat
1398 3793 1542 3883 spiritus

366 3897 531 3985 pestilens
565 3921 633 3965 non
667 3920 752 3967 aura
781 3920 1021 3987 corrumpens.
1056 3899 1235 3968 discedant
1271 3923 1392 3969 omnes
1420 3900 1542 3970 insidie

366 4003 504 4072 latentis
527 4003 652 4072 inimici
685 4017 720 4073 et
744 4005 772 4073 si
797 4004 877 4094 quid
904 4018 957 4073 est
989 4006 1083 4095 quod
1114 4020 1173 4075 aut
1203 4007 1427 4076 incolumitati
1451 4009 1542 4077 habi·

367 4110 513 4179 tantium
539 4111 679 4180 invidet.
704 4125 763 4180 aut
787 4112 891 4201 quieti
916 4113 1121 4202 aspersione
1149 4114 1250 4183 huius
1274 4137 1363 4203 aque
1387 4114 1542 4204 effugiat.

366 4216 413 4286 Ut
435 4217 622 4287 salubritas
645 4241 711 4307 per
734 4219 990 4288 invocationem
1015 4221 1126 4290 sancti
1145 4221 1195 4291 tui
1219 4221 1366 4291 nominis
1390 4223 1543 4312 expetita

366 4325 410 4392 ab
452 4325 612 4394 omnibus
657 4325 701 4394 sit
748 4326 1069 4416 impugnationibus
1112 4329 1262 4398 defensa.
1321 4327 1358 4397 P.
1398 4331 1541 4399 eristum

366 4430 539 4501 domno
