3534 5392
936 503 978 547 22

852 657 1066 746 Complenda.

478 790 649 867 Proficiat
674 795 773 863 nobis
794 795 838 862 ad
858 794 1003 860 salutem
1025 791 1183 879 corporis
1204 803 1237 856 et
1257 789 1380 857 anime.
1406 787 1542 855 domine

371 917 457 982 deus
482 915 582 982 huius
607 911 812 981 sacramenti
838 909 1024 998 susceptio,
1051 921 1084 975 et
1109 907 1319 995 sempiterna
1344 917 1462 972 sancte
1487 905 1542 971 tri-

371 1022 487 1090 nitatis
512 1022 666 1088 eiusdem
697 1019 871 1086 individue
901 1016 1040 1083 unitatis
1065 1014 1248 1082 confessio
1296 1012 1364 1079 Per
1389 1013 1541 1085 eristum.

850 1215 1062 1224 ———

792 1410 982 1550 Caput
1019 1406 1122 1515 IV.

692 1626 948 1705 Benedictio
978 1623 1175 1704 thalami.
1193 1623 1217 1719 ¹)

478 1792 636 1868 Benedic
669 1797 807 1864 domine
840 1798 929 1863 bunc
959 1795 1147 1862 thalamum
1179 1807 1213 1861 et
1242 1815 1363 1860 omnes
1393 1792 1543 1859 habitan·

372 1930 424 1984 tes
449 1917 481 1984 in
507 1938 559 1982 eo.
586 1927 622 1981 vt
657 1914 689 1980 in
723 1925 781 1980 tua
813 1934 898 2000 pace
930 1911 1129 1979 consistant.
1154 1923 1188 1978 et
1213 1910 1245 1977 in
1277 1923 1336 1977 tua
1366 1910 1543 1977 voluntate

372 2034 603 2112 permaneant.
629 2035 663 2088 ct
688 2021 720 2087 in
745 2034 803 2086 tua
827 2043 947 2086 amore
968 2019 1085 2086 viuant
1105 2030 1264 2086 crescant
1289 2030 1322 2084 et
1347 2030 1541 2085 senescant.

372 2145 405 2197 et
432 2129 697 2217 multiplicentur
722 2127 753 2193 in
779 2127 992 2213 longitudine
1017 2126 1161 2192 dierum.
1209 2124 1277 2191 Per
1303 2125 1457 2193 eristum.

912 2287 1002 2354 Iletia.

479 2416 622 2493 Adesto
647 2422 786 2490 domine
810 2421 1118 2509 supplicationibus
1146 2419 1276 2487 nostris
1305 2432 1339 2487 et
1368 2420 1455 2486 hanc
1486 2419 1544 2486 do-

373 2563 466 2608 mum
507 2539 639 2606 serenis
673 2538 782 2606 oculis
816 2551 873 2605 tue
907 2537 1043 2626 pietatis
1080 2537 1222 2605 illustra.
1279 2537 1322 2604 Et
1355 2538 1544 2604 descendat

372 2671 477 2735 super
502 2647 694 2713 habitantes
720 2645 751 2712 in
777 2669 818 2712 ea
842 2645 956 2733 gratie
980 2657 1038 2712 tue
1062 2645 1168 2732 longa
1192 2644 1393 2712 benedictio.
1440 2643 1486 2712 Ut
1511 2643 1542 2710 in

373 2754 438 2842 hijs
464 2753 667 2820 manufactis
692 2752 904 2820 habitaculis
930 2774 1007 2819 cum
1029 2751 1231 2819 salubritate
1252 2752 1316 2840 ipsi
1336 2764 1431 2819 tuum
1458 2775 1544 2818 sem·

373 2885 435 2949 per
460 2860 528 2927 sint
552 2859 782 2926 habitaculum
808 2882 871 2946 per
895 2859 1049 2927 eristum.

481 2967 570 3034 Irene.
618 2966 767 3033 Domine
791 2980 912 3034 sancte
936 2980 1035 3055 pater
1060 2966 1279 3056 omnipotens
1304 2979 1422 3034 eterne
1446 2968 1544 3035 deus,

373 3087 406 3142 tc
431 3075 577 3162 supplex
603 3097 804 3142 exoramus:
836 3088 872 3142 vt
902 3075 1178 3143 coniunctionem
1209 3073 1361 3141 fidelium
1393 3087 1542 3142 tuorum.

373 3195 431 3250 tua
456 3181 694 3249 benedictione
721 3181 842 3250 lovere
866 3182 1032 3268 digneris.
1058 3203 1248 3268 omnesque
1272 3182 1315 3249 ab
1340 3181 1389 3249 eis
1415 3181 1543 3249 inimici

374 3289 495 3356 insidie
519 3301 719 3356 avertantur
745 3289 789 3355 Vt
814 3302 872 3356 tua
897 3289 1114 3377 providentia
1146 3288 1310 3377 conjungi
1336 3302 1543 3357 mereantur.

374 3395 441 3463 Per
464 3395 606 3462 eristum
632 3396 724 3464 dom.
749 3397 841 3464 dom.
856 3401 878 3476 ¹²)

482 3628 500 3691 'l
522 3627 584 3682 Das
609 3625 666 3681 Rit.
692 3625 780 3682 Rom.
807 3625 846 3680 cit
871 3643 898 3696 p.
924 3641 978 3696 259
1003 3625 1052 3680 hat
1077 3625 1104 3680 in
1132 3627 1324 3682 veranderter
1351 3626 1464 3683 Gestalt
1493 3645 1545 3683 nur

374 3717 428 3772 das
448 3725 528 3772 erste
548 3715 650 3772 Gebet.

481 3805 501 3874 ²)
523 3792 605 3860 [lber
623 3805 669 3860 die
689 3805 819 3876 Stellung
837 3806 890 3860 des
909 3803 1067 3860 danischen
1086 3804 1205 3860 Staates
1225 3824 1276 3862 zur
1296 3806 1544 3878 Ebeschhessung

374 3897 430 3966 vgl.
460 3895 496 3951 H.
526 3894 666 3950 Matzen
693 3905 727 3950 et
755 3895 779 3966 J.
806 3895 934 3964 Timm,
962 3894 1129 3964 Haandbog
1153 3895 1161 3949 i
1181 3897 1238 3951 den
1259 3897 1370 3951 danske
1396 3896 1544 3953 Kirkeret.

373 3985 567 4056 Kjbbenhavn
584 3985 650 4053 1891
668 4001 695 4055 p.
709 3985 752 4040 88.
783 3985 902 4040 Danach
921 3984 1013 4039 kann
1032 3983 1099 4040 eine
1116 3985 1297 4056 burgerliche
1314 3985 1375 4041 Ehe
1391 3986 1544 4054 (Civilehel

373 4075 568 4145 geschlossen
588 4075 719 4142 werden,
739 4091 828 4130 wenn
847 4073 895 4129 die
915 4075 1020 4129 beiden
1041 4074 1208 4130 Brautleute
1227 4075 1307 4130 einer
1326 4075 1353 4130 in
1374 4075 1544 4131 lianc—:mark

372 4165 450 4220 nieht
468 4165 668 4219 anerkannten
682 4163 1025 4236 Religionsgesettschatt
1040 4165 1219 4234 angehoren,
1234 4167 1260 4220 d.
1276 4165 1301 4221 h.
1319 4165 1401 4220 einer
1414 4167 1545 4230 solchen,

374 4254 485 4310 welche
500 4253 584 4309 keine
601 4253 640 4308 im
657 4254 739 4308 Laod
756 4254 937 4310 anerkannte
953 4255 1011 4310 und
1027 4272 1078 4310 zur
1093 4255 1325 4326 Abschliessuug
1339 4256 1393 4310 der
1407 4255 1546 4326 Trauung

373 4343 555 4416 berechtigte
575 4343 736 4399 Geistliche
761 4345 824 4414 hat,
849 4346 921 4399 oder
944 4345 1008 4400 falls
1032 4345 1078 4400 die
1102 4345 1207 4401 beiden
1229 4344 1440 4415 Nupturienten
1465 4362 1546 4400 zwar

373 4451 408 4486 zu
432 4433 489 4488 den
514 4435 717 4489 anerkannten
741 4436 814 4489 aber
838 4435 1068 4490 verschiedenen
1092 4433 1472 4506 Religionsgesellschasten
1497 4453 1545 4502 ge·

374 4521 473 4578 boren.
513 4523 574 4576 Der
598 4523 846 4579 Standesbeamte
871 4525 908 4579 ist
936 4525 963 4580 in
989 4527 1045 4580 deu
1070 4526 1193 4581 Stadten
1222 4526 1275 4579 der
1300 4524 1546 4594 littrgermeister,
