3534 5392
929 448 973 515 62

361 624 492 714 quiem:
524 638 559 693 et
582 649 650 693 non
676 625 869 693 inueniens:
900 625 988 694 dicit.
1014 642 1172 694 reuertar
1196 627 1229 694 in
1254 626 1397 694 domum
1426 649 1540 695 meam

362 733 453 801 vnde
473 733 574 800 exiui.
622 733 768 801 Etcum
798 733 947 800 venerit:
982 732 1111 800 inuenit
1144 756 1218 801 eam
1252 733 1370 822 scopis
1399 733 1539 801 munda·

360 851 432 908 tam
453 853 487 907 et
512 853 681 908 ornatam.
729 840 772 908 Et
796 853 876 907 tunc
901 840 1012 907 vadit:
1045 852 1078 907 et
1110 840 1256 908 assumit
1286 854 1420 930 septem
1452 840 1539 908 alios

361 947 505 1035 spiritus
539 948 726 1035 nequiores
757 970 809 1015 se:
844 960 878 1014 et
911 947 1062 1034 ingressi
1096 948 1251 1015 habitant
1284 948 1340 1015 ibi.
1386 947 1430 1015 Et
1459 961 1540 1015 sunt

362 1053 551 1122 nouissima
584 1054 733 1123 hominis
767 1054 870 1122 illius:
905 1054 1026 1142 peiora
1061 1054 1246 1143 prioribus
1305 1054 1451 1122 Factum
1485 1069 1539 1122 est

362 1173 477 1228 autem
503 1184 579 1228 cum
605 1162 669 1229 hec
699 1163 845 1230 diceret:
877 1162 1046 1229 extollens
1079 1185 1203 1230 vocem
1235 1163 1383 1250 quedam
1416 1161 1539 1229 mulier

362 1268 405 1334 de
439 1270 541 1335 turba
577 1269 662 1336 dixit
701 1269 757 1337 illi.
814 1269 944 1337 Beatus
980 1281 1103 1337 venter
1139 1270 1197 1358 qui
1233 1281 1267 1337 te
1301 1270 1469 1359 portauit:
1505 1281 1539 1336 et

363 1376 471 1442 vbera
496 1399 564 1463 que
588 1375 725 1444 suxisti:
760 1377 808 1443 At
838 1375 893 1443 ille
923 1376 1018 1444 dixit.
1066 1376 1245 1461 Quinimo:
1279 1377 1370 1444 beati
1402 1375 1459 1465 qui
1483 1399 1544 1444 au:

361 1481 458 1549 diunt
483 1485 628 1551 verbum
655 1483 724 1551 dei:
750 1496 784 1550 et
809 1483 1007 1552 custodiunt
1033 1484 1124 1551 illud.

747 1661 941 1729 Secundum
967 1663 1153 1730 Matheum.

469 1788 522 1864 IN
555 1796 612 1863 illo
647 1808 816 1883 tempore.
863 1795 953 1864 Cum
988 1797 1141 1864 venisset
1177 1796 1295 1864 ihesus
1329 1795 1361 1862 in
1397 1797 1539 1863 domum

363 1911 462 2001 petri.
498 1911 584 1979 vidit
617 1934 757 1980 socrum
793 1912 867 1979 eius
901 1912 1069 1980 iacentem
1109 1926 1143 1980 et
1177 1911 1439 1980 febricitantem.
1496 1912 1540 1980 Et

361 2018 475 2106 tetigit
509 2042 648 2087 manum
685 2019 769 2087 eius,
811 2032 844 2086 et
883 2019 1011 2086 dimisit
1053 2042 1131 2087 eam
1167 2019 1283 2089 febris.
1320 2032 1353 2087 et
1387 2041 1540 2107 surgens

363 2124 579 2193 ministrabat
605 2125 679 2194 illis.
726 2126 885 2214 Vespere
905 2138 1020 2194 autem
1045 2126 1153 2194 facto:
1179 2126 1377 2194 obtulerunt
1401 2125 1432 2194 ei
1457 2127 1540 2194 mul-

363 2246 419 2300 tos
444 2232 607 2300 demonia
631 2233 808 2301 habentes.
839 2246 873 2300 et
897 2233 1054 2321 eijciebat
1079 2233 1222 2321 spiritus
1251 2234 1378 2300 verbo:
1411 2246 1444 2300 et
1469 2255 1540 2300 om·

363 2363 426 2408 nes
460 2340 548 2408 male
572 2341 741 2408 habentes
772 2341 916 2408 curauit.
942 2353 980 2407 vt
1009 2341 1256 2428 adimpleretur
1287 2341 1381 2428 quod
1410 2339 1540 2407 dictum

362 2460 416 2515 est
440 2446 588 2536 antiquis
621 2471 683 2534 per
714 2448 844 2516 esaiam
874 2448 1081 2536 prophetam
1117 2447 1297 2515 dicentem.
1345 2447 1424 2535 Ipse
1448 2446 1539 2514 enim

363 2554 579 2623 infirmitates
603 2569 743 2623 nostras
768 2555 916 2643 accepit:
942 2567 975 2622 et
1000 2555 1239 2642 egrotationes
1264 2553 1428 2643 portauit.

513 2734 651 2801 Iniciam
675 2737 787 2801 sancti
807 2735 979 2824 euangelzj
999 2733 1193 2801 Secundum
1216 2733 1394 2815 Joannem.

472 2859 524 2935 IN
566 2867 735 2956 principio
773 2879 847 2935 erat
882 2869 1038 2935 verbum.
1075 2879 1108 2934 et
1149 2868 1295 2935 verbum
1336 2878 1411 2934 erat
1447 2867 1541 2954 apud

364 2984 477 3052 deum.
502 2996 536 3050 et
561 2986 647 3051 deus
672 2996 747 3051 erat
776 2986 933 3052 verbum.
982 2984 1059 3051 Hoc
1089 2996 1164 3051 erat
1196 2983 1228 3050 in
1254 2981 1423 3071 principio
1448 2983 1540 3071 apud

364 3091 479 3159 deum.
526 3090 654 3159 Omnia
679 3115 741 3180 per
767 3091 880 3179 ipsum
905 3091 1114 3159 factasunt:
1144 3102 1178 3157 et
1208 3090 1283 3157 sine
1307 3089 1383 3178 ipso
1408 3088 1540 3156 factum

364 3210 417 3266 est
450 3198 561 3266 nichil.
609 3198 714 3283 Quod
744 3198 871 3267 factum
902 3211 955 3266 est
988 3197 1021 3265 in
1055 3198 1132 3286 ipso
1169 3197 1241 3264 vita
1275 3210 1365 3264 erat:
1400 3209 1433 3264 et
1467 3195 1541 3264 vita

365 3319 440 3374 erat
472 3306 529 3373 lux
562 3305 754 3374 hominem:
786 3319 820 3373 et
854 3306 912 3372 lux
947 3305 979 3372 in
1011 3305 1163 3373 tenebris
1195 3305 1300 3371 lucet:
1333 3316 1367 3371 et
1397 3304 1542 3370 tenebre

364 3435 441 3481 eam
466 3436 533 3480 non
559 3414 899 3501 comprehenderunt
932 3412 1012 3480 Fuit
1036 3413 1143 3480 homo
1175 3412 1303 3479 missus
1327 3434 1347 3478 a
1375 3413 1456 3478 deo:
1486 3410 1541 3477 cui

365 3542 492 3588 nomen
518 3533 593 3588 erat
619 3521 796 3589 iohannes.
845 3520 911 3587 Hic
936 3519 1030 3587 venit
1055 3519 1087 3586 in
1115 3518 1366 3586 testimonium:
1390 3529 1427 3584 vt
1450 3517 1544 3585 testi·

366 3627 516 3696 monium
552 3628 749 3715 perhiberet
784 3627 827 3694 de
861 3626 1003 3695 lumine:
1038 3639 1075 3693 vt
1109 3648 1231 3693 omnes
1265 3626 1446 3693 crederent
1479 3646 1542 3710 per

365 3734 469 3804 iilum.
517 3735 596 3802 Non
621 3746 696 3802 erat
726 3734 781 3802 ille
811 3735 884 3800 lux:
916 3734 978 3801 sed
1011 3747 1048 3801 vt
1078 3731 1311 3800 testimonium
1344 3731 1543 3821 perhiberet

365 3844 409 3910 de
432 3842 569 3910 lumine.
617 3842 701 3909 Erat
721 3841 778 3909 lux
799 3864 900 3909 vera:
926 3864 993 3929 que
1017 3839 1183 3908 illuminat
1203 3863 1341 3908 omnem
1366 3837 1540 3906 hominem

365 3949 560 4017 venientem
586 3949 618 4016 in
644 3949 734 4016 hunc
760 3949 936 4016 mundum.
984 3949 1020 4014 ln
1053 3947 1180 4014 mundo
1205 3958 1296 4014 erat:
1329 3959 1362 4014 et
1394 3945 1542 4012 mundus

364 4079 442 4125 eum
469 4080 536 4125 non
563 4055 739 4143 cognouit.
788 4055 823 4124 ln
850 4055 993 4144 propria
1017 4054 1127 4122 venit:
1160 4066 1194 4121 et
1218 4054 1271 4122 sui
1295 4075 1375 4121 eum
1399 4074 1468 4119 non
1493 4075 1543 4118 re·

365 4179 543 4254 ceperunt.
591 4164 774 4251 Quotquot
798 4176 912 4231 autem
938 4175 1146 4252 receperunt
1171 4184 1265 4229 eum:
1291 4159 1384 4227 dedit
1409 4159 1459 4226 eis
1484 4181 1542 4247 po·

365 4285 526 4341 testatem
552 4272 642 4340 filios
667 4271 721 4338 dei
746 4270 837 4338 fieri:
872 4270 937 4338 hiis
971 4269 1029 4358 qui
1061 4270 1206 4336 credunt
1237 4268 1269 4335 in
1295 4267 1433 4335 nomine
1457 4265 1542 4334 eius¹

366 4380 435 4466 Qui
461 4403 528 4447 non
554 4402 597 4446 ex
623 4377 867 4466 sanguinibus:
898 4400 1011 4465 neque
1042 4400 1086 4446 ex
1117 4376 1294 4445 voluntate
1327 4373 1457 4441 carnis:
1489 4395 1543 4440 ne·

365 4509 432 4574 que
457 4509 500 4554 ex
527 4487 704 4554 voluntate
728 4485 808 4554 viri:
840 4485 902 4553 sed
933 4508 976 4552 ex
1001 4485 1068 4552 deo
1097 4483 1167 4552 nati
1191 4495 1278 4550 sunt.
1327 4480 1369 4548 Et
1395 4482 1542 4548 verbum
