3534 5392
924 451 968 537 46

357 624 460 692 venia
480 623 684 691 delictorum
706 625 873 693 omnium:
899 627 1023 716 quietis
1043 653 1083 697 ac
1104 630 1188 697 lucis
1209 644 1328 720 optata
1347 655 1537 721 consequa-

358 745 414 800 tur
438 732 567 820 gaudia
591 732 817 820 repromissa.
865 733 902 802 P.
928 737 1019 803 dom.

407 978 409 982 ,
464 911 646 1001 Segnondo
686 914 876 1000 sepulcrum
916 916 1016 982 dz'cat.
1074 915 1166 985 Ecce
1207 940 1345 986 crucem
1390 921 1535 988 domini:

358 1019 469 1106 fugite
493 1032 612 1108 partes
637 1020 796 1089 adverse.
822 1043 904 1088 ecce
938 1021 1017 1090 vicit
1048 1024 1102 1090 leo
1133 1025 1176 1092 de
1205 1025 1297 1092 tribu
1322 1026 1410 1094 iuda.
1435 1027 1535 1094 radix

357 1125 472 1193 david.

465 1305 559 1373 Dum
583 1310 771 1395 cooperitur
797 1319 918 1398 corpus
946 1311 988 1376 de
1018 1319 1120 1378 terra.
1155 1313 1198 1379 de
1231 1325 1325 1380 terra
1354 1313 1536 1402 plasmasti

358 1436 423 1481 me.
471 1413 514 1481 Et
546 1437 686 1481 carnem
721 1415 860 1483 induisti
893 1439 957 1484 me.
1006 1417 1222 1506 Redemptor
1252 1443 1350 1488 meus
1379 1421 1534 1489 domine:

357 1521 529 1589 resuscita
555 1544 609 1587 me
634 1522 667 1587 in
691 1522 883 1591 novissimo
909 1524 973 1593 die.
988 1528 1010 1607 1)

839 1737 1015 1806 Psalmus
1030 1743 1052 1820 2)

465 1881 620 1958 Domine
640 1889 798 1977 probasti
823 1912 877 1956 me
902 1902 935 1957 et
957 1893 1156 1978 cognovisti
1180 1915 1248 1960 me:
1275 1907 1310 1960 tu
1336 1895 1536 1982 cognovisti

358 2007 552 2076 sessionem
577 2029 689 2073 meam
715 2018 749 2073 et
773 2007 1066 2075 resurrectionem
1092 2031 1214 2077 meam.

466 2116 672 2192 Intellexisti
709 2122 941 2210 cogitationes
982 2147 1077 2192 meas
1123 2126 1166 2192 de
1207 2126 1329 2214 longe:
1375 2126 1535 2193 semitam

359 2263 472 2309 meam
498 2253 531 2308 et
556 2240 740 2307 funiculum
768 2261 881 2306 meum
907 2239 1136 2328 investigasti.

464 2349 515 2427 Et
541 2380 662 2424 omnes
687 2357 762 2425 vias
788 2377 883 2422 meas
908 2357 1106 2445 previdisti:
1140 2359 1313 2447 quianon
1339 2373 1391 2427 est
1416 2383 1536 2428 sermo

358 2476 391 2543 in
416 2475 534 2562 lingua
560 2497 646 2541 mea.

466 2585 565 2662 Ecce
590 2591 728 2658 domine
752 2604 788 2658 tu
812 2591 1008 2679 cognovisti
1036 2591 1150 2660 omnia
1178 2592 1375 2678 novissima}
1398 2606 1430 2660 et
1454 2594 1537 2661 anti-

359 2733 428 2798 qua
452 2722 488 2776 tu
513 2707 672 2775 formasti
697 2721 806 2775 meet
830 2708 977 2796 posuisti
1001 2729 1107 2795 super
1133 2731 1188 2775 me
1213 2731 1351 2776 manum
1376 2722 1480 2778 tuam.

466 2817 643 2894 Mirabilis
664 2824 754 2891 facta
775 2837 827 2892 est
847 2823 989 2892 scientia
1009 2839 1068 2892 tua
1088 2849 1132 2892 ex
1157 2848 1227 2892 me:
1253 2825 1446 2893 confortata
1471 2840 1535 2894 est.

358 2955 392 3011 et
417 2965 485 3009 non
510 2954 635 3030 potero
660 2941 703 3008 ad
729 2964 816 3009 eam.

468 3051 554 3154 Quo
580 3058 636 3126 ibo
662 3082 680 3125 a
706 3057 829 3142 spiritu
854 3071 929 3125 tuo:
955 3070 988 3125 et
1013 3081 1082 3146 quo
1107 3081 1126 3124 a
1151 3057 1238 3124 facie
1263 3071 1321 3124 tua
1346 3059 1489 3145 fugiam.

468 3174 512 3258 Si
537 3185 730 3252 ascendero
754 3184 786 3252 in
820 3183 930 3250 celum
956 3196 992 3250 tu
1017 3183 1083 3250 illic
1108 3206 1164 3250 es:
1198 3184 1227 3250 si
1251 3184 1467 3251 descendero
1492 3186 1537 3251 ad

359 3301 509 3368 inferum
534 3301 627 3368 ades.

467 3407 512 3491 Si
536 3440 720 3505 sumpsero
745 3440 877 3505 pennas
903 3440 998 3485 meas
1023 3417 1189 3484 diluculo:
1214 3430 1247 3484 et
1272 3417 1477 3484 habitauero
1502 3417 1536 3484 in

359 3533 525 3601 extremis
550 3533 665 3601 maris.

466 3641 607 3718 Etenim
639 3649 714 3716 illuc
745 3673 866 3718 manus
896 3664 952 3719 tua
983 3651 1131 3718 deducet
1160 3673 1231 3717 me:
1266 3662 1300 3716 et
1329 3649 1458 3716 tenebit
1482 3672 1538 3716 me

358 3765 503 3832 dextera
528 3778 596 3832 tua.
625 3860 629 3869 Ι

360 3965 572 3972 -ss—--a

468 4071 486 4136 ¹)
507 4069 596 4124 Diese
622 4069 710 4124 l'orm
736 4070 804 4125 fehlt
829 4071 868 4125 im
895 4071 951 4125 Rit.
978 4071 1065 4126 Rom.
1090 4087 1116 4139 p.
1145 4087 1191 4138 151
1214 4087 1256 4139 sq.
1283 4069 1341 4120 und
1365 4069 1403 4121 ist
1427 4069 1455 4122 in
1480 4069 1536 4122 den

359 4159 640 4213 Diozesanritualien
670 4161 786 4216 anders.
835 4161 899 4228 Vgl.
930 4159 1046 4214 Rituale
1076 4157 1402 4224 Monam-frisingense
1432 4155 1536 4210 minus.

359 4247 493 4303 Monach.
525 4251 601 4319 1864.
630 4267 657 4319 p.
690 4267 747 4320 145.
790 4249 924 4304 Manuale
955 4249 1078 4304 Ritualis
1107 4247 1236 4301 Romani
1263 4246 1378 4300 Ritibus
1407 4246 1536 4301 dioecesi

359 4337 596 4394 paderbornensi
622 4339 749 4409 propriis
774 4338 913 4393 refertum
933 4347 986 4392 etc.
1014 4339 1090 4392 1862.
1115 4337 1145 4390 ll.
1172 4338 1212 4390 16.
1251 4335 1304 4390 Die
1325 4335 1452 4406 Agenda
1468 4334 1536 4389 Min·

358 4427 442 4484 dens.
464 4428 514 4483 hat
533 4429 663 4484 dieselbe
683 4428 705 4483 F
707 4429 801 4483 ormel
821 4428 869 4481 sol.
889 4444 931 4496 37.

467 4517 487 4583 ‘l
509 4519 609 4574 Psalm
633 4519 691 4589 138.
