3570 5402
819 467 859 532 19
907 406 924 412 -.

760 622 914 690 Collecta.

355 750 499 829 Exaudi
523 780 586 824 nos
612 756 830 845 omnipotens
855 770 889 823 et
915 755 1115 824 misericors
1146 758 1242 824 deus,
1268 770 1302 824 et
1335 756 1428 844 quod

251 888 373 945 nostro
405 873 618 942 ministratur
647 872 773 940 officio,
799 885 858 940 tua
890 872 1008 960 potuis
1039 873 1281 942 benedictione
1313 871 1428 961 imple·

251 996 344 1051 atur.'
387 983 423 1050 P.

768 1103 924 1172 Collecta.

358 1231 594 1328 Omnipotens
619 1238 830 1327 sempiterne
855 1239 941 1306 deus
966 1239 1023 1326 qui
1049 1239 1173 1307 dedisti
1198 1239 1298 1307 nobis
1323 1239 1428 1307 samu·

246 1357 292 1424 ⁴lis
316 1356 382 1424 tuis
407 1356 440 1424 in
465 1355 686 1423 consessione
719 1377 804 1421 vere
835 1353 915 1422 fidei
941 1368 1060 1423 eterne
1091 1354 1253 1423 trinitatis
1277 1354 1428 1441 gloriam

251 1486 454 1552 agnoscere.
492 1475 526 1530 et
563 1462 597 1529 in
636 1461 791 1550 potentia
830 1463 1020 1530 maiestatis
1056 1462 1206 1530 adorare
1246 1461 1427 1530 vnitatem:

251 1593 440 1659 quesumus
465 1582 502 1636 vt
525 1569 681 1637 eiusdem
705 1568 785 1636 fidei
805 1568 968 1637 firmitate
988 1571 1032 1637 ab
1052 1569 1213 1637 omnibus
1234 1569 1428 1637 muniamur

250 1677 419 1745 aduersis.
466 1676 535 1744 Per
559 1677 663 1744 Dom.

695 1854 759 1921 Ad
785 1853 986 1921 Corinthios

359 1980 509 2058 Fratres
542 1988 682 2056 nescitis
721 1988 884 2077 quoniam
924 2011 1074 2078 corpora
1113 2001 1232 2056 vestra
1271 1990 1429 2057 membra

253 2118 333 2173 sunt
358 2104 462 2173 cristi.
510 2105 653 2172 Tollens
678 2128 767 2193 ergo
797 2106 954 2173 membra
986 2105 1092 2173 cristi.
1117 2105 1248 2173 faciens
1273 2106 1429 2173 membra

253 2211 455 2280 meretricis
484 2212 574 2280 absit
603 2212 658 2279 An
690 2210 841 2280 nescitis
872 2211 1034 2300 quoniam
1069 2212 1127 2300 qui
1151 2213 1296 2280 adheret
1320 2234 1429 2280 mere-

251 2319 337 2387 trici.
363 2342 467 2386 unum
493 2341 622 2407 corpus
647 2319 805 2387 efficitur.
842 2318 884 2386 Et
909 2331 1010 2386 erunt
1037 2319 1145 2407 inquit
1172 2320 1241 2386 duo
1268 2322 1430 2387 incarne

207 2499 211 2504 ,
251 2449 328 2494 vna.
377 2425 446 2512 Qui
471 2439 587 2494 autem
619 2426 764 2494 adheret
795 2425 936 2493 domino
961 2449 1051 2494 vnus
1083 2426 1226 2514 spiritus
1256 2440 1319 2494 est.
1365 2426 1394 2493 F
1397 2450 1429 2492 u·

251 2534 325 2621 gite
364 2532 638 2601 fornicationem.
696 2531 813 2602 Omne
851 2533 940 2601 enim
981 2545 1162 2621 peccatum
1197 2533 1431 2621 quodcunque

252 2640 371 2708 fecerit
394 2642 511 2708 hom0.
537 2654 637 2708 extra
662 2662 792 2729 corpus
817 2653 880 2708 est.
928 2639 997 2726 Qui
1029 2653 1144 2709 autem
1170 2641 1370 2710 fornicatur.
1396 2640 1430 2707 in

253 2770 381 2836 corpus
401 2770 503 2815 suum
520 2760 652 2835 peccat.
689 2748 746 2814 An
766 2747 906 2815 nescitis
926 2747 1088 2836 quoniam
1114 2749 1271 2816 membra
1295 2760 1429 2816 vestra:

252 2854 419 2943 templum
443 2866 523 2921 sunt
547 2853 689 2943 spiritus
714 2854 839 2922 sancti:
871 2853 930 2942 qui
960 2854 992 2922 in
1016 2854 1119 2923 vobis
1143 2868 1214 2923 est:
1246 2878 1350 2943 quem
1373 2855 1430 2922 ha·

252 2961 341 3031 betis
365 2984 386 3028 a
410 2962 492 3029 deo:
525 2974 560 3029 et
583 2984 652 3028 non
677 2961 762 3030 estis
786 2962 919 3029 vestri?
950 2960 1066 3052 Empti
1091 2961 1290 3030 enim’estis
1314 2961 1430 3050 pretio

253 3091 396 3156 magno:
431 3067 627 3156 glorificate
662 3080 696 3136 et
729 3080 868 3156 portate
897 3070 1000 3136 deum
1029 3069 1062 3137 in
1088 3071 1195 3137 eorde
1220 3081 1255 3137 et
1280 3091 1431 3157 corpore

253 3190 383 3244 vestre.

362 3282 429 3363 Gr.
455 3291 600 3373 (aduale)
626 3290 835 3360 Benedictus
865 3315 903 3360 es
929 3291 1066 3359 domine
1091 3292 1149 3380 qui
1174 3291 1319 3360 intueris
1343 3292 1430 3359 abis·

252 3432 314 3478 sos
339 3422 372 3476 et
397 3409 500 3477 sedes
525 3430 631 3497 super
658 3408 836 3476 cherubin.
900 3496 904 3502 .

358 3519 402 3593 V.
451 3511 658 3592 Benedictus
691 3547 730 3592 es
761 3524 795 3591 in
824 3525 951 3591 throno
981 3523 1082 3612 regni
1112 3524 1161 3591 tui
1192 3536 1225 3592 et
1249 3523 1431 3592 laudabilis

253 3642 285 3709 in
310 3641 439 3710 secula.
487 3640 589 3708 Allel.

358 3752 402 3826 V.
451 3757 659 3824 Benedictus
693 3779 731 3825 es
763 3757 902 3824 domine
936 3757 1022 3825 deus
1055 3770 1194 3847 patrum
1226 3770 1428 3825 nostrorum

255 3886 288 3940 et
311 3872 492 3942 laudabilis
518 3872 551 3939 in
576 3873 702 3941 secula.
749 3935 751 3941 ,

255 4120 460 4189 Offertorium,
486 4121 532 4175 die
556 4120 661 4174 zweite
680 4119 804 4174 Secreta
828 4119 885 4173 und
905 4119 1088 4191 Complenda
1107 4120 1173 4174 sind
1192 4137 1245 4174 aus
1264 4120 1319 4174 der
1337 4119 1430 4174 Missa

254 4212 292 4265 de
311 4210 357 4265 Ss.
395 4210 551 4276 Trinitate‚
576 4209 623 4263 die
643 4218 722 4264 erste
743 4208 888 4277 Collecta,
913 4218 993 4265 erste
1012 4209 1137 4264 Secreta
1157 4211 1217 4263 und
1237 4210 1431 4280 Complenda,

253 4300 310 4355 wie
329 4301 383 4354 das
397 4299 592 4370 Evangelium
612 4298 676 4352 sind
695 4297 791 4368 gleich
811 4298 907 4352 denen
926 4299 980 4353 der
1000 4298 1141 4368 heutigen
1161 4298 1363 4368 Brautmesse‚
1383 4299 1429 4353 die

253 4389 364 4460 Epistel
395 4390 432 4444 ist
465 4389 530 4445 eine
561 4388 674 4460 eigene.
720 4387 782 4442 Der
812 4388 967 4459 Ehesegen
997 4388 1072 4442 nach
1104 4388 1173 4442 dem
1204 4387 1294 4443 Pater
1328 4397 1431 4442 noster

254 4479 415 4551 entspricht
433 4481 501 4534 dem
522 4478 668 4549 heutigen.
