3534 5392
469 644 607 723 Sancte
632 675 748 719 marce
1317 678 1379 722 ora
1404 678 1468 742 pro
1494 678 1536 721 eo

469 769 607 864 Sancte
632 778 708 845 luca
1315 804 1378 848 ora
1402 803 1467 868 pro
1493 803 1535 848 eo

468 895 609 974 Omnes
634 903 743 970 sancti
768 903 916 991 apostoli
942 916 976 970 et
996 904 1234 989 euangelistae
1279 919 1378 974 orate
1403 929 1467 994 pro
1493 929 1535 974 eo

467 1039 606 1118 Sancte
630 1047 799 1134 stephane
1315 1073 1378 1117 ora
1403 1074 1468 1139 pro
1493 1075 1535 1118 eo

467 1165 605 1244 Sancte
629 1174 782 1240 clemens
1317 1200 1380 1244 ora
1404 1199 1469 1264 pro
1494 1199 1536 1243 eo

465 1291 603 1370 Sancte
627 1298 773 1366 laurenti
1314 1325 1377 1369 ora
1402 1325 1466 1389 pro
1492 1326 1534 1370 eo

467 1417 605 1496 Sancte
630 1421 779 1492 vincenti
1315 1450 1378 1494 ora
1403 1450 1468 1516 pro
1493 1451 1535 1494 eo

470 1543 609 1622 Omnes
633 1550 743 1617 sancti
769 1551 929 1617 martires
1279 1566 1378 1620 orate
1402 1576 1467 1641 pro
1493 1576 1535 1620 eo

467 1685 604 1766 Sancte
628 1692 788 1761 siluester
937 1741 938 1746 κ
1316 1720 1379 1764 ora
1403 1720 1469 1785 pro
1494 1721 1535 1764 eo

468 1812 605 1891 Sancte
630 1819 776 1887 martine
1317 1845 1379 1889 ora
1404 1846 1469 1911 pro
1494 1845 1536 1889 eo

469 1938 606 2019 Sancte
629 1945 762 2012 nicolae
1315 1972 1377 2017 ora
1402 1973 1467 2037 pro
1493 1973 1535 2017 eo

467 2065 604 2144 Sancte
628 2071 808 2138 benedicte
1316 2098 1379 2142 ora
1403 2098 1468 2163 pro
1494 2099 1536 2142 eo

469 2191 606 2270 Omnes
631 2182 740 2265 sancti
766 2197 988 2265 confessores
1279 2212 1377 2268 orate
1401 2224 1466 2289 pro
1491 2225 1534 2269 eo

468 2335 607 2414 Sancta
632 2341 742 2410 maria
768 2342 974 2429 magdalena
1317 2367 1380 2412 ora
1404 2367 1469 2432 pro
1494 2370 1538 2413 eo

469 2458 604 2542 Sancta
630 2467 719 2534 lucia
1318 2493 1380 2538 ora
1405 2493 1470 2559 pro
1495 2495 1538 2538 eo

472 2584 607 2668 Sancta
631 2593 749 2660 cecilia
1317 2619 1380 2663 ora
1404 2618 1468 2684 pro
1494 2620 1537 2664 eo

472 2710 607 2794 Sancta
633 2732 832 2804 margareta
1317 2744 1379 2788 ora
1404 2745 1470 2810 pro
1494 2745 1537 2789 eo

471 2835 606 2919 Sancta
631 2844 810 2930 gertrudis
1317 2871 1380 2914 ora
1404 2870 1469 2934 pro
1494 2871 1536 2915 eo

471 2960 606 3044 Sancta
631 2971 803 3038 dorothea
1317 2989 1379 3039 ora
1404 2995 1468 3060 pro
1494 2996 1536 3041 eo

469 3088 608 3167 Omnes
634 3109 752 3165 sancte
778 3097 936 3185 virgines
961 3111 995 3165 et
1020 3098 1124 3165 vidue
1282 3110 1380 3165 orate
1405 3121 1470 3187 pro
1495 3121 1538 3165 eo

470 3215 608 3294 Omnes
633 3223 742 3291 sancti
1282 3237 1380 3291 orate
1404 3247 1469 3312 pro
1495 3247 1537 3291 eo

469 3358 658 3453 Propicius
683 3378 760 3434 esto
1212 3388 1318 3455 parce
1342 3367 1372 3433 ei
1397 3366 1538 3433 domine

470 3484 659 3580 Propicius
684 3503 760 3559 esto
1146 3492 1271 3559 exaudi
1295 3515 1374 3559 eum
1399 3491 1539 3560 domine

469 3610 660 3705 Propitius
688 3628 765 3684 esto
1163 3617 1270 3684 libera
1294 3639 1372 3685 eum
1398 3617 1538 3684 domine

469 3733 532 3817 Ab
557 3743 650 3810 omni
676 3744 765 3810 malo
1164 3743 1271 3811 libera
1296 3766 1373 3810 eum
1400 3743 1538 3811 domine

469 3859 533 3943 Ab
558 3868 689 3937 insidiis
713 3867 840 3936 diaboli
1163 3869 1271 3937 libera
1296 3891 1374 3936 eum
1399 3867 1539 3936 domine

469 3984 510 4068 A
533 3993 714 4062 subitanea
738 4006 771 4061 et
796 3993 985 4083 improuisa
1010 4008 1122 4062 morte
1157 3993 1189 4063 l'.

470 4110 511 4194 A
534 4119 685 4208 peccatis
709 4119 781 4187 suis
949 4185 953 4194 ,
1160 4121 1268 4188 libera
1294 4141 1373 4187 eum
1399 4119 1539 4186 domine

470 4236 534 4320 Ab
559 4245 755 4333 egritudine
778 4269 841 4314 sua
1167 4246 1273 4314 libera
1298 4267 1376 4312 eum
1401 4243 1539 4311 domine

471 4361 512 4445 A
535 4385 647 4440 morte
672 4385 840 4460 perpetua
1162 4372 1269 4441 libera
1294 4393 1372 4438 eum
1397 4368 1539 4437 domine

470 4487 511 4571 A
534 4497 631 4588 penis
657 4497 779 4566 inserui
1164 4499 1272 4566 libera
1296 4519 1374 4565 eum
1400 4495 1539 4564 domine
