3570 5402
840 493 887 559 23.

712 681 903 822 Caput
939 681 1010 788 V.

576 896 787 976 visitatio
817 897 1104 975 infirmorum.
1125 899 1148 993 1)

381 1059 492 1148 Legat
520 1068 642 1146 septem
669 1059 825 1145 psolitzos
857 1060 979 1124 tituto.
1013 1059 1215 1124 uersiculum
1240 1061 1334 1146 apud
1356 1061 1447 1145 difir-

274 1191 366 1234 titum
390 1176 421 1233 ot
443 1167 603 1232 titlrortdo
627 1167 733 1232 dicut:
757 1165 830 1231 Pax
855 1164 932 1231 huic
958 1165 1073 1231 domui
1105 1165 1147 1230 Et
1173 1165 1333 1232 omnibus
1358 1167 1449 1233 habi-

274 1273 424 1341 tantibus
449 1273 482 1339 in
508 1297 558 1341 ea.

801 1396 930 1463 Oratio.

381 1525 618 1621 Omnipotens
653 1533 863 1619 sempiterne
897 1531 982 1598 deus
1017 1532 1074 1618 qui
1104 1533 1347 1600 sacerdotibus
1381 1534 1448 1600 tuis

271 1664 402 1718 tantam
427 1650 584 1737 graciam
610 1648 784 1719 contulisti
819 1661 854 1714 ut
887 1648 1052 1735 quidquid
1085 1649 1128 1716 ab
1160 1648 1210 1716 eis
1242 1650 1348 1736 digne
1373 1673 1448 1738 per·

272 1760 432 1845 fecteque
456 1758 571 1844 agitur
597 1780 615 1823 a
640 1769 674 1823 te
698 1755 773 1822 fieri
799 1756 968 1822 credatur.
1017 1755 1218 1840 Quesumus
1243 1757 1447 1824 immensam

274 1866 488 1933 clementiam
523 1878 617 1931 tuam
652 1877 688 1930 vt
722 1863 887 1950 quidquid
922 1863 954 1929 in
989 1876 1049 1929 tuo
1084 1863 1221 1930 nomine
1255 1864 1447 1932 visitamus,

275 1974 404 2040 visites
440 1986 473 2039 et
507 1971 673 2059 quidquid
712 1970 958 2037 benedicimus.
993 1971 1189 2038 benedicas
1247 1970 1369 2059 Sitque
1405 1974 1448 2040 ad

278 2094 396 2147 nostre
434 2079 635 2146 humilitatis
675 2077 861 2146 introitum.
896 2092 1095 2145 sanctorum
1136 2091 1274 2145 tuorum
1316 2080 1448 2146 meritis

275 2189 358 2274 fuga
383 2188 606 2254 daemonum:
631 2199 665 2253 et
685 2187 799 2273 angeli
821 2186 916 2274 pacis
937 2186 1129 2272 ingressus.
1164 2187 1232 2253 Per
1258 2185 1447 2254 Christum.

380 2295 446 2362 Hic
470 2303 677 2384 aspergatur
700 2318 801 2381 aquo.
848 2294 1034 2381 Asperges
1060 2317 1114 2360 me
1139 2293 1286 2362 domine.

379 2406 423 2476 V.
473 2409 631 2478 Ostende
656 2410 756 2477 nobis
781 2410 919 2477 domine
944 2409 1229 2478 miscricordiam.

385 2528 538 2595 Collecto.
577 2526 720 2626 'Exaudi
752 2549 816 2594 nos
848 2525 987 2593 domine
1018 2539 1137 2594 sancte
1168 2539 1267 2614 pater
1293 2528 1445 2614 omnipo-

272 2649 349 2703 tens
374 2648 493 2703 eterne
518 2635 603 2701 deus
627 2633 735 2701 Prius
758 2635 907 2702 liabetur.

734 2795 814 2862 Item
838 2797 918 2862 collo
937 2805 981 2862 to.

380 2924 482 3000 Deus
516 2930 574 3017 qui
607 2931 736 2997 famulo
768 2943 827 2996 tuo
859 2931 997 2997 ezechie
1029 2945 1082 2998 ter
1113 2931 1236 3018 quinos
1268 2956 1378 3000 annos
1404 2935 1447 3001 ad

275 3048 381 3114 vitam
407 3047 555 3115 donasti.
581 3047 627 3114 ita
652 3060 684 3114 et
710 3048 799 3113 hunc
825 3047 990 3114 famulum
1012 3061 1107 3114 tuum
1133 3049 1174 3114 N.
1200 3073 1220 3115 a
1244 3048 1334 3116 lecto
1359 3050 1448 3136 egri-

274 3155 401 3221 tudinis
433 3167 491 3221 tua
521 3153 676 3241 potentia
706 3154 823 3240 erigas
853 3156 896 3222 ad
926 3155 1083 3222 salutem.
1131 3155 1198 3222 Per
1224 3155 1365 3223 cristum
1392 3158 1448 3223 do-

275 3262 401 3328 minum
427 3274 595 3330 nostrum.

782 3387 937 3455 Oramus

379 3513 540 3609 Respice
564 3521 703 3589 domine
727 3521 891 3588 famulum
921 3534 1016 3588 tuum
1042 3521 1083 3588 N.
1113 3522 1145 3588 in
1176 3522 1370 3590 infirmitate
1395 3523 1447 3590 sui

272 3637 434 3725 corporis
465 3638 680 3705 laborantem
712 3650 745 3704 et
777 3638 925 3704 animam
958 3638 1079 3705 refove
1112 3662 1214 3726 quam
1247 3640 1384 3706 creasti.
1410 3652 1447 3706 vt

273 3743 560 3832 castigationibus
595 3746 808 3812 emendatus
835 3745 996 3812 continuo
1029 3769 1067 3813 se
1099 3747 1229 3814 senciat
1258 3760 1316 3814 tua
1345 3747 1447 3814 medi-

275 3851 350 3919 cina
374 3864 544 3920 sanatum.
591 3852 659 3920 Per
685 3851 850 3920 Cristum.

274 4082 325 4136 auf
345 4084 413 4137 dem
441 4085 542 4138 Lande
568 4084 621 4137 der
647 4083 891 4154 Herredslogedf
912 4083 958 4136 ein
986 4084 1055 4136 dem
1081 4083 1288 4153 preussischen
1313 4083 1447 4138 Landrat

274 4172 421 4226 abnlicher
440 4173 594 4241 Beamter,
621 4190 675 4227 nur
695 4173 731 4226 ist
757 4171 821 4226 sein
840 4172 944 4226 Bezirk
969 4172 1089 4227 kleiner.
1128 4172 1191 4226 Das
1212 4171 1446 4244 Civilehegesetz

274 4260 311 4315 ist
332 4279 402 4315 vom
424 4279 464 4332 13.
485 4262 569 4332 April
591 4263 667 4332 1851.

381 4352 400 4419 ¹)
421 4352 511 4406 Diese
526 4350 657 4406 visitatio
673 4351 776 4406 infirm.
793 4350 899 4404 weicht
915 4350 1043 4404 vielfacb
1062 4368 1121 4405 von
1143 4351 1196 4403 der
1216 4352 1268 4404 des
1283 4351 1339 4406 Rit.
1356 4351 1443 4406 Rom.

272 4457 299 4510 p.
316 4458 367 4512 107
383 4459 425 4511 sq.
442 4442 489 4496 ab.
518 4440 603 4494 Auch
618 4440 745 4510 Agenda
760 4439 847 4494 Mind.
863 4441 900 4495 ist
914 4441 978 4494 hier
993 4441 1111 4496 anders
1140 4441 1278 4495 Lctztere
1294 4441 1343 4494 hat
1361 4441 1447 4496 einen

273 4531 395 4602 cigencn
416 4530 504 4585 Ritus
524 4530 552 4584 in
572 4547 657 4584 sacra
678 4531 816 4584 unctione
836 4531 1024 4584 sacerdotum
1045 4530 1090 4584 fol.
1111 4529 1229 4585 XXVII.

1234 4620 1264 4690 4.
