3570 5402
839 511 858 576 7

372 669 464 738 lteen.
512 666 638 736 Credis
670 667 704 734 in
727 667 861 734 ihesum
894 665 1039 735 eristum
1072 665 1178 734 filium
1203 666 1278 734 eius
1301 666 1440 735 unicum

264 777 453 845 Dominum
478 788 636 843 nostrum
660 788 778 841 natum
804 787 837 840 et
861 796 1014 862 passum.

373 883 620 971 Respondeant.
667 880 795 949 Credo.

375 990 465 1058 Item.
512 987 638 1057 Credis
662 1001 695 1056 et
720 987 752 1054 in
778 987 937 1076 spiritum
967 1001 1125 1055 sanctum
1156 1001 1312 1056 sanctam
1337 990 1442 1056 eccle·

267 1099 353 1166 siam
390 1096 595 1165 catholicam
636 1108 838 1163 sanctorum
879 1094 1157 1162 communionem
1201 1096 1441 1164 remissionem

267 1217 491 1295 peccatorum
520 1203 635 1271 carnis
665 1202 958 1270 resurrectionem
988 1215 1021 1269 et
1051 1201 1157 1269 vitam
1182 1215 1337 1270 eternam
1363 1217 1442 1293 post

268 1324 426 1381 mortem.

373 1418 623 1507 Respondeant.
672 1415 801 1484 Credo,

373 1525 507 1594 Deinde
529 1523 648 1612 sufflet
670 1527 703 1591 e'n
725 1524 852 1607 socient
876 1524 1020 1611 enfontes
1043 1525 1166 1592 dicens

373 1633 447 1711 Exi
478 1641 624 1708 sathane
654 1654 689 1707 et
723 1640 849 1708 recede
881 1639 1017 1708 diabole
1048 1641 1091 1708 ab
1121 1641 1185 1708 hac
1215 1640 1366 1729 imagine
1390 1643 1445 1717 dei

268 1759 468 1846 increpatus
502 1757 545 1825 ab
570 1779 612 1824 eo
637 1769 671 1824 et
695 1756 739 1823 da
770 1755 939 1823 honorem
971 1757 1037 1823 deo
1063 1756 1144 1824 viuo
1174 1770 1207 1824 et
1231 1780 1317 1825 vero
1343 1771 1377 1827 et
1401 1761 1444 1827 da

268 1867 384 1932 locum
408 1862 544 1953 spiritui
568 1876 699 1932 sanct0.

376 1970 448 2038 Fac
471 1995 601 2038 cencene
625 1973 659 2038 e'n
673 1970 804 2057 fronte.

377 2077 534 2172 Signum
564 2098 683 2154 sancte
708 2085 822 2154 crucis
846 2085 1033 2154 salvatoris
1058 2086 1188 2154 domini
1211 2088 1320 2156 nostri
1346 2089 1444 2157 ihesu

271 2203 365 2271 cristi
389 2203 423 2270 in
447 2203 597 2271 frontem
622 2215 715 2270 tuam
736 2225 840 2291 pono.

376 2310 447 2378 Fet
470 2334 601 2378 erneeen
624 2313 659 2377 e'n
677 2319 818 2399 pectore.

345 2518 348 2523 -
377 2416 535 2514 Signum
565 2438 685 2494 sancte
710 2425 823 2494 crucis
847 2426 1034 2495 salvatoris
1058 2427 1188 2495 domini
1212 2427 1323 2496 nostri
1347 2427 1445 2497 ihesu

270 2543 365 2610 cristi
390 2542 422 2610 in
446 2556 569 2631 pectus
593 2556 690 2611 tuum
714 2566 818 2631 pono.

792 2737 923 2806 Ornnb.

380 2863 617 2962 Omnipotens
657 2873 867 2961 sempiterne
908 2874 994 2940 deus
1035 2886 1135 2962 pater
1171 2875 1300 2942 domini
1335 2877 1446 2944 nostri

272 2990 370 3058 ihesu
403 2989 499 3082 cristi
532 2989 710 3078 respicere
736 2989 884 3076 dignare
915 3012 1020 3078 super
1045 2991 1136 3057 hunc
1160 2990 1324 3058 famulum
1349 3004 1446 3060 tuum

272 3097 313 3164 N.
339 3120 440 3185 quem
466 3098 509 3164 ad
538 3096 733 3164 rudimenta
766 3095 845 3163 fidei
874 3119 1004 3164 vocare
1034 3097 1198 3183 dignatus
1229 3120 1276 3165 es.
1308 3121 1445 3166 omnem

273 3203 451 3272 cecitatem
476 3203 593 3271 cordis
617 3204 660 3272 ab
685 3227 728 3271 eo
753 3203 901 3291 expelle:
936 3203 1114 3292 disrumpe
1148 3227 1269 3272 omnes
1303 3205 1447 3293 laqueos

272 3311 417 3378 sathane
446 3311 571 3399 quibus
601 3310 712 3379 fuerat
738 3310 937 3398 colligatus:
969 3310 1065 3400 aperi
1090 3310 1122 3378 ei
1146 3311 1286 3379 domine
1305 3312 1447 3400 januam

272 3417 410 3507 pietatis
434 3430 502 3485 tue.
527 3431 564 3485 ut
588 3418 691 3505 signo
712 3417 880 3507 sapientie
904 3431 962 3485 tue
987 3417 1154 3486 imbutus:
1180 3419 1331 3486 omnium
1358 3420 1447 3508 cupi·

273 3525 417 3594 ditatum
442 3525 610 3593 fetoribus
640 3537 767 3593 careat:
815 3538 848 3592 et
872 3525 916 3592 ad
951 3547 1094 3592 suauem
1129 3526 1275 3593 odorem
1306 3549 1447 3615 precep-

272 3646 388 3700 torum
413 3644 553 3700 tuorum
576 3633 666 3701 letus
689 3632 750 3700 tibi
773 3632 805 3699 in
830 3633 977 3700 ecclesia
1001 3646 1060 3700 tua
1084 3633 1271 3701 deseruiat.
1312 3647 1346 3702 et
1370 3656 1447 3722 pro·

272 3740 364 3808 ficiat
389 3741 432 3808 de
466 3739 521 3806 die
545 3739 578 3806 in
609 3740 711 3808 diem.
758 3751 795 3807 ut
819 3739 965 3807 idoneus
998 3740 1167 3808 efficiatur
1200 3741 1369 3808 accedere
1403 3741 1446 3808 ad

274 3846 423 3934 gratiam
447 3845 610 3934 baptismi
634 3846 682 3914 tui
707 3859 874 3936 percepta
899 3847 1078 3914 medicina.
1126 3847 1163 3914 P.
1190 3870 1235 3914 cr⁴
1260 3848 1292 3915 d.
1317 3871 1349 3916 n.

782 4041 940 4110 Oramus,

381 4186 516 4264 Preces
544 4207 684 4262 nostras
714 4218 903 4283 quesumus
934 4195 1074 4262 domine
1104 4195 1291 4262 clementer
1323 4195 1448 4263 exaudi

275 4322 308 4377 et
333 4309 422 4378 hunc
454 4311 600 4379 electum
633 4323 729 4377 tuum
755 4311 793 4379 N.
823 4311 877 4378 cui
908 4311 1079 4378 dominice
1109 4310 1223 4378 crucis
1252 4310 1448 4400 impressio·

274 4440 352 4484 nem
377 4441 455 4485 eum
480 4417 670 4505 signamus.
704 4417 776 4485 Fac
799 4443 930 4486 erncnn
954 4421 988 4486 e'n
1009 4420 1124 4503 fronte
1143 4417 1271 4486 virtute
1296 4419 1448 4487 custodi:

274 4538 310 4591 ut
334 4525 581 4612 magnitudinis
614 4524 727 4610 glorie
758 4524 952 4593 rudimenta
982 4548 1128 4594 seruans
1160 4548 1223 4613 per
1256 4527 1448 4595 custodiam

1235 4631 1268 4701 3*
