3534 5392
782 496 822 563 51

739 652 870 719 Oratio,

326 780 564 876 Omnipotens
588 788 800 877 sempiterne
819 789 905 855 deus
930 800 1049 856 sancte
1074 787 1233 877 puritatis
1258 801 1396 855 amator

217 907 276 994 qui
300 905 451 972 animam
476 904 577 972 huius
609 904 744 992 paruuli
775 905 819 971 ad
843 927 994 991 regnum
1027 905 1181 972 celorum
1207 904 1312 971 hodie
1337 903 1395 970 mi-

219 1012 444 1082 sericorditer
469 1033 599 1079 vocare
623 1013 787 1098 dignatus
819 1035 866 1079 es.
892 1013 1045 1079 concede
1069 1011 1170 1078 nobis
1194 1011 1240 1078 ita
1265 1010 1396 1100 miseri·

220 1120 371 1188 corditer
406 1142 526 1207 agere.
562 1131 599 1186 vt
637 1119 768 1187 meritis
804 1133 862 1186 tue
895 1118 1114 1187 sanctissime
1147 1118 1321 1207 passionis
1358 1128 1393 1184 et

221 1226 471 1295 intercessione
501 1227 603 1294 beate
634 1225 740 1293 marie
772 1226 919 1314 virginis
948 1238 982 1293 et
1012 1227 1164 1293 omnium
1194 1238 1395 1294 sanctorum

221 1349 358 1402 tuorum
384 1334 417 1401 in
442 1334 566 1401 eodem
591 1356 703 1420 regno
730 1357 795 1401 nos
824 1356 902 1401 cum
935 1333 1096 1400 omnibus
1115 1333 1245 1401 sanctis
1269 1331 1337 1399 tuis
1361 1342 1397 1397 et

220 1442 337 1510 electis
362 1463 502 1529 semper
527 1441 633 1508 facias
658 1440 894 1528 congaudere.
941 1440 1011 1526 Qui
1035 1440 1127 1508 viuis
1151 1452 1185 1507 et
1208 1461 1351 1527 regnas

310 1619 358 1687 Et
388 1622 436 1686 sic
468 1623 622 1707 sequitur
651 1621 786 1687 collecta
807 1621 964 1710 general.
1011 1619 1182 1687 Fidelium
1214 1619 1301 1686 deus
1326 1640 1397 1684 om-

221 1728 316 1795 nium
342 1727 453 1795 condi.

703 1959 916 1968 ———

645 2187 836 2330 Caput
872 2190 981 2296 IX.

560 2438 708 2538 Super
736 2440 1010 2539 peregrinos
1027 2440 1052 2538 ¹)

703 2618 879 2687 Psalmus
895 2625 916 2701 Ξ)

331 2766 508 2843 Dominus
541 2773 633 2860 regit
670 2795 724 2839 me
760 2787 794 2839 et
829 2773 932 2839 nichil
966 2773 1069 2840 michi
1094 2773 1219 2841 deerit:
1254 2774 1286 2840 in
1320 2774 1401 2841 loco
1492 2783 1495 2792 '

223 2914 353 2980 pascue
377 2890 422 2957 ibi
448 2913 503 2957 me
528 2889 722 2956 collocauit.

333 2997 454 3096 Super
479 3026 604 3093 aquam
629 3004 828 3072 refectionis
852 3005 1011 3072 educauit
1032 3029 1087 3074 me
1112 3007 1260 3074 aminam
1287 3030 1400 3074 meam

228 3123 405 3190 conuertit.

333 3230 491 3307 Deduxit
526 3261 580 3305 me
613 3261 720 3326 super
754 3238 898 3306 semitas
931 3239 1064 3306 iusticie
1098 3252 1242 3329 propter
1274 3263 1402 3307 nomen

227 3377 339 3422 suum.

170 3517 174 3524 -
277 3468 280 3474 ’
334 3462 426 3538 Nam
454 3483 486 3537 et
511 3471 540 3538 si
565 3471 791 3538 ambulauero
817 3471 849 3537 in
876 3471 990 3538 medio
1014 3475 1138 3540 vmbre
1162 3473 1298 3540 mortis:
1332 3496 1402 3540 non

225 3587 356 3654 timebo
383 3586 471 3653 mala
495 3586 657 3674 quoniam
683 3600 719 3655 tu
744 3610 878 3655 mecum
904 3611 952 3656 es.

333 3694 453 3790 Virga
477 3716 537 3770 tua
561 3716 595 3770 et
620 3704 764 3772 baculus
789 3717 883 3771 tuus:
913 3705 989 3793 ipsa
1020 3729 1074 3772 me
1106 3705 1285 3773 consolata
1310 3717 1402 3774 sunt.

229 3893 439 3900 -—....—.——-

337 3981 354 4040 ¹)
375 3979 433 4033 Rit.
460 3979 547 4032 Rom.
573 3997 598 4048 p.
619 3982 670 4033 261
692 3997 733 4049 sq.
754 3981 803 4033 hat
829 3979 894 4032 e'me
921 3979 1084 4033 benedictio
1111 3979 1337 4050 Peregrinomm
1366 3982 1403 4034 ad

228 4067 290 4120 loca
309 4077 411 4123 sancta
431 4069 645 4138 prodeuntium.
679 4069 733 4122 Die
754 4069 879 4138 Agenda
898 4068 987 4122 Mind.
1008 4069 1058 4123 hat
1076 4069 1161 4122 keine
1181 4069 1308 4122 Formel.
1347 4069 1404 4123 Die

229 4157 390 4211 benedictio
418 4158 471 4211 des
498 4157 637 4211 Manuale
664 4157 792 4212 Roskild.
820 4158 933 4212 scheint
959 4158 1003 4212 sur
1027 4159 1097 4228 jede
1123 4159 1213 4212 Reise
1241 4150 1341 4228 gelten
1369 4176 1403 4212 zu

228 4247 328 4302 sollen.
372 4247 436 4317 Vgl.
463 4247 536 4301 iiber
562 4247 757 4301 Wallsahrten
784 4247 812 4300 in
838 4248 1006 4302 Danemark
1030 4247 1078 4303 W.
1104 4247 1276 4317 Schmitz,
1302 4248 1404 4302 Volks·

227 4337 384 4390 thttmliche
401 4336 688 4404 Andachtsttbungen
709 4337 763 4389 der
778 4337 880 4391 Danen
901 4355 950 4390 am
966 4338 1129 4407 Ausgange
1149 4339 1202 4391 des
1217 4337 1407 4391 Mittelalters

229 4425 267 4492 (in
286 4424 432 4480 Stimmen
453 4443 512 4480 von
533 4425 569 4481 M.
591 4425 692 4479 Laach
712 4425 764 4481 Bd.
785 4427 829 4495 41)
850 4424 879 4480 S.
903 4428 936 4478 16
955 4426 992 4485 ff„
1015 4444 1064 4496 177
1084 4426 1112 4479 ff.

337 4515 356 4583 ²)
377 4516 476 4570 Psalm
496 4532 538 4570 22.
