3534 5392
923 493 967 558 30

467 651 569 728 Deus
595 671 780 726 conseruet
804 681 883 724 eum
909 670 941 725 et
966 657 1117 725 viuificet
1141 681 1229 725 eum.

467 775 510 842 Et
536 777 672 843 beatum
699 775 800 842 faciat
824 796 903 842 eum
928 774 971 841 in.
997 775 1115 857 [terra]

467 883 561 961 Esto
587 891 632 959 illi
656 891 794 960 domine
818 903 883 959 tur.
909 891 970 972 [ris
995 890 1229 974 fortitudinisl.

467 1009 502 1076 A
526 1009 589 1076 fac.
615 1009 658 1091 [ie
683 1007 830 1091 inimicil.

468 1115 618 1184 Domine
642 1140 684 1184 ex
710 1115 814 1198 [audi]
839 1115 1033 1183 orationem
1059 1138 1172 1182 meam

468 1223 511 1291 Et
536 1223 587 1290 cla
613 1225 703 1306 [mor
728 1245 825 1290 meus
850 1224 893 1290 ad
918 1236 953 1290 te
977 1223 1114 1305 veniatl.

866 1402 997 1470 Oratio.
1014 1405 1036 1484 ¹)

471 1510 633 1606 Respice
657 1517 795 1586 domine
820 1519 863 1586 de
888 1519 972 1585 celo.
998 1531 1032 1586 et
1057 1517 1158 1586 visita
1183 1517 1349 1585 famulum
1372 1530 1468 1584 tuum
1492 1515 1534 1583 N.

362 1649 396 1704 et
430 1636 574 1703 benedic
609 1658 698 1703 eum.
734 1634 821 1704 sicut
855 1635 1061 1703 benedicere
1094 1635 1258 1723 dignatus
1288 1657 1327 1702 es
1361 1635 1535 1702 abraham.

362 1744 455 1811 isaac
488 1756 522 1810 et
555 1742 664 1811 iacob.
698 1743 817 1832 aspice
847 1767 926 1810 eum
956 1743 1095 1810 domine
1127 1742 1237 1810 oculis
1268 1742 1346 1810 tuis.
1372 1754 1406 1809 et
1440 1741 1536 1829 reple

362 1874 440 1918 eum
465 1849 559 1918 omni
583 1851 713 1938 gaudio
745 1864 778 1918 et
810 1850 929 1919 leticia.
955 1863 989 1917 et
1018 1850 1144 1918 timore
1174 1863 1243 1918 tuo.
1267 1850 1402 1938 expelle
1425 1850 1469 1916 ab
1493 1871 1536 1914 eo

363 1981 484 2026 omnes
510 1958 652 2026 insidias
676 1957 812 2026 inimici.
838 1970 872 2025 et
895 1958 989 2025 mitte
1009 1959 1040 2025 ei
1060 1958 1224 2044 angelum
1248 1956 1352 2045 pacis.
1377 1957 1435 2044 qui
1459 1977 1535 2022 eum

363 2067 395 2134 in
421 2078 590 2154 perpetua
613 2089 700 2154 pace
725 2065 906 2134 custodiat.
953 2064 1021 2132 Per
1045 2065 1199 2133 eristum.

470 2172 543 2256 An.
568 2179 664 2251 Sana
696 2182 835 2250 domine
869 2181 1040 2249 infirmum
1072 2181 1185 2248 istum.
1218 2180 1315 2249 cuius
1347 2203 1429 2247 ossa
1461 2201 1538 2246 con-

365 2301 504 2368 turbata
536 2311 615 2366 sunt
649 2298 759 2366 valde.
806 2295 878 2367 Sed
913 2312 949 2366 tu
980 2297 1119 2366 domine
1151 2310 1355 2366 conuertere
1385 2297 1419 2364 'et
1444 2296 1538 2384 eripe

365 2406 515 2475 animam
540 2405 624 2474 eius,
649 2419 683 2474 et
707 2429 791 2473 sana
816 2428 906 2474 eum.

888 2565 1019 2634 Oratzb.

472 2675 576 2752 Deus
609 2683 667 2770 qui
701 2706 763 2771 per
788 2683 987 2770 apostolum
1021 2681 1181 2750 iacobum
1206 2683 1343 2749 locutus
1367 2703 1417 2748 es,
1451 2679 1540 2748 infir-

366 2812 478 2868 matur
503 2799 581 2887 quis
605 2822 649 2866 ex
668 2798 779 2866 vobis,
805 2799 943 2866 inducat
963 2798 1179 2887 presbiteros
1199 2797 1356 2866 ecclesie.
1381 2810 1415 2865 et
1440 2809 1540 2865 orent

365 2930 471 2995 super
496 2929 583 2974 eum.
608 2919 781 2992 ungentes
811 2929 888 2975 eum
919 2907 997 2974 oleo
1022 2906 1053 2973 in
1083 2905 1220 2973 nomine
1244 2904 1383 2973 domini.
1408 2917 1442 2972 et
1465 2926 1540 2971 ora·

365 3015 414 3082 tio
439 3013 519 3081 fidei
544 3013 692 3082 saluabit
716 3013 898 3081 infirmum.
924 3027 957 3082 et
981 3012 1155 3082 alleuiabit
1179 3036 1258 3081 eum
1283 3011 1455 3080 dominus.
1496 3010 1539 3078 Et

365 3121 394 3190 si
419 3122 451 3189 in
477 3121 630 3209 peccatis
654 3121 715 3189 sit:
739 3121 954 3189 dimittentur
974 3121 1015 3188 ei.
1056 3119 1150 3188 Cura
1170 3141 1360 3207 quesumus
1385 3119 1540 3205 redemp-

365 3241 421 3296 tor
446 3241 574 3296 noster.
599 3227 713 3316 gratia
745 3228 855 3296 sancti
886 3227 1040 3316 spiritus,
1065 3228 1255 3314 languores
1287 3225 1386 3294 istius
1416 3223 1542 3293 infirmi

365 3349 399 3404 et
424 3359 487 3404 sua
511 3358 597 3404 sana
620 3337 773 3404 uulnera.
799 3335 943 3424 ejusque
975 3347 1117 3422 peccata
1148 3332 1290 3401 dimitte.
1315 3347 1419 3421 atque
1449 3333 1541 3400 dolo·

366 3467 424 3512 res
449 3456 595 3511 cunctos
626 3444 743 3511 cordis
772 3456 806 3510 et
838 3441 997 3531 corporis
1022 3444 1065 3510 ab
1097 3464 1141 3509 eo
1165 3442 1308 3529 expelle.
1334 3442 1542 3530 plenamque

366 3551 396 3618 ei
420 3549 565 3619 interius
595 3550 819 3638 exteriusque
850 3549 1032 3618 sanitatem
1063 3547 1336 3617 misericorditer
1361 3549 1479 3616 redde.
1504 3559 1543 3614 vt

367 3681 435 3747 ope
460 3657 697 3725 misericordie
721 3670 779 3725 tue
802 3657 983 3725 restitutus
1003 3670 1036 3725 et
1061 3669 1212 3725 sanatus.
1236 3657 1280 3724 ad
1305 3655 1449 3744 pristina
1474 3655 1542 3744 pie·

365 3765 446 3834 tatis
470 3778 529 3833 tue
554 3764 669 3832 officia
693 3777 886 3852 reparetur.
933 3763 971 3833 P.

473 3871 547 3955 An.
572 3879 688 3970 Opem
713 3881 801 3949 ferat
826 3880 905 3948 huic
930 3881 1066 3948 infirmo
1091 3881 1178 3948 deus
1202 3903 1308 3969 super
1333 3880 1460 3948 lectum
1484 3879 1543 3945 do·

366 3997 452 4067 loris
477 3997 562 4066 eius.
587 3997 661 4086 ipse
686 4009 872 4067 conservet
896 4021 975 4066 eum
1000 4011 1034 4066 et
1059 3997 1209 4067 vivificet
1232 4019 1320 4066 eum.

474 4105 528 4184 Ps
541 4115 676 4196 (almus)
702 4112 822 4184 Sancti
845 4137 1005 4202 quorum.
1304 4101 1309 4112 ’

477 4357 495 4422 ¹)
516 4355 572 4411 Die
596 4355 753 4426 folgenden
778 4354 940 4422 orationes,
967 4353 1080 4407 welche
1103 4351 1263 4406 wiederum
1283 4350 1452 4406 abweichen
1474 4367 1543 4404 vom

369 4445 425 4502 uit.
442 4445 538 4514 Rom,
557 4444 621 4500 sind
640 4444 687 4499 bei
706 4445 779 4499 aller
794 4443 976 4498 Einsachheit
995 4444 1053 4498 und
1073 4441 1170 4498 Kurze
1189 4450 1323 4497 ausserst
1342 4439 1545 4511 ansprechend

370 4537 426 4591 und
446 4536 544 4590 sclidn.
