3570 5402
810 495 849 563 15
915 455 919 462 ’

529 651 595 718 Hic
619 652 676 719 det
698 653 809 720 lumen
835 654 869 718 m
894 675 999 719 manu
1017 655 1126 740 pueri.

344 777 484 873 Accipe
503 785 699 874 lampadem
719 786 909 853 ardentem.
929 785 1278 874 irreprehensibilem.
1304 798 1338 854 et
1361 808 1416 853 cu-

236 900 331 968 stodi
363 901 574 990 baptismum
606 913 714 970 tuum.
739 913 777 969 vt
801 924 880 969 cum
912 901 1074 969 dominus
1105 901 1242 970 venerit
1266 902 1310 970 ad
1334 925 1416 990 nup·

237 1007 303 1076 tias
331 1008 447 1097 possis
480 1007 511 1076 ei
543 1031 731 1077 occurrere
762 1008 794 1076 in
819 1009 896 1077 aula
929 1009 1057 1077 celesti.
1083 1009 1129 1076 Vt
1153 1011 1284 1077 habeas
1308 1008 1415 1078 vitam

237 1126 393 1182 eternam
417 1127 451 1183 et
475 1114 575 1183 viuas
600 1138 679 1184 cum
704 1139 747 1184 eo
772 1115 804 1184 in
829 1116 946 1184 secula
971 1116 1171 1184 seculorum
1196 1116 1320 1184 Amen.

658 1573 850 1716 Caput
886 1577 998 1683 111.

237 1826 359 1905 Ordo
381 1827 438 1904 ad
457 1825 813 1905 benedicendum·
829 1850 1051 1926 sponsum
1072 1834 1116 1908 et
1136 1851 1372 1928 sponsam.
1389 1829 1415 1927 1)

344 2005 465 2073 Pmmo
490 2012 613 2092 querat
634 2028 691 2072 eos
714 2008 899 2093 separatim
917 2016 983 2094 per
1008 2030 1072 2094 qm
1095 2008 1349 2074 matrimonium
1372 2009 1418 2074 sil

238 2112 555 2179 dzmorcz'onondum.
580 2120 612 2178 et
634 2114 681 2178 sic
704 2113 744 2184 m
765 2115 970 2180 consecratio
994 2114 1117 2188 annuli
1136 2113 1196 2180 hoc
1220 2113 1329 2180 modu.

344 2236 480 2314 Manda
516 2246 602 2332 deus
636 2246 755 2314 virtuti
789 2259 861 2313 tue:
898 2246 1066 2314 confirma
1100 2246 1167 2315 hoc
1201 2247 1287 2314 deus
1322 2247 1414 2335 quod

237 2372 403 2450 operatus
428 2383 467 2429 es
491 2361 523 2429 in
548 2361 660 2429 nobis

343 2469 384 2547 A
408 2477 538 2565 templo
563 2491 685 2545 sancto
709 2492 769 2546 tuo
794 2479 888 2566 quod
908 2492 961 2546 est
985 2478 1019 2546 in
1038 2478 1223 2546 ierusalem
1249 2478 1310 2546 tibi
1334 2479 1416 2546 offe-

235 2606 312 2660 rent
336 2615 445 2681 reges
471 2616 624 2661 munera.

343 2701 495 2798 Increpa
507 2709 600 2778 feras
617 2710 804 2778 arundinis.
818 2711 1051 2799 congregatio
1068 2711 1274 2778 thaurorum
1290 2710 1323 2778 in
1337 2733 1415 2778 vac·

236 2823 285 2893 cis
304 2826 526 2914 populorum.
547 2839 584 2892 ut
609 2826 793 2894 excludant
813 2849 876 2894 eos
901 2827 959 2915 qui
983 2827 1122 2915 probati
1148 2839 1228 2895 sunt
1253 2838 1413 2915 argento

346 2931 474 3012 Gloria
497 2941 599 3029 patri.

342 3057 483 3154 Kyriel.
532 3057 674 3136 Cristel.
721 3058 863 3156 Kyriel.

343 3182 448 3250 Pater
473 3195 603 3251 noster.
651 3184 730 3252 Ave
756 3183 874 3252 maria.

235 3451 345 3506 kathol.
372 3449 505 3520 Liturgik
531 3449 562 3505 ll.
591 3448 621 3504 S.
648 3465 701 3519 512
727 3449 755 3504 ff.
782 3466 842 3520 551.
881 3449 1045 3504 Taufritual
1069 3467 1129 3504 von
1153 3448 1282 3504 Skara:
1307 3450 1365 3505 Det
1388 3450 1416 3505 ei

235 3550 362 3609 vestem,
382 3538 515 3594 Manuale
535 3556 595 3593 von
615 3538 738 3593 Aabo:
757 3538 802 3592 hic
821 3538 923 3593 induat
942 3556 1013 3593 eum
1033 3547 1118 3593 veste
1137 3539 1210 3594 alba.
1249 3538 1415 3609 Quensel,

235 3629 280 3685 cit.
302 3647 329 3700 p.
352 3646 411 3698 109.
926 3693 927 3702 ἵ

343 3718 363 3785 ¹)
388 3717 451 3772 Der
476 3717 707 3788 Trauungsritus
732 3716 772 3770 im
799 3716 857 3772 Rit.
885 3716 972 3770 Rom.
999 3718 1055 3771 und
1081 3717 1158 3771 auch
1184 3716 1303 3771 Missale
1327 3717 1414 3772 Rom.

236 3807 339 3874 (Missa
363 3822 419 3877 pro
443 3823 555 3877 sponso
579 3815 609 3861 et
633 3808 754 3876 sponsa)
779 3806 831 3860 hat
855 3805 934 3860 nicht
958 3805 1005 3861 die
1029 3805 1236 3860 Feierlichkeit
1260 3805 1313 3860 des
1335 3804 1413 3861 Man.

236 3895 382 3960 Rosktld„
407 3896 481 3951 aber
505 3895 552 3949 die
576 3895 743 3950 laudabiles
768 3895 997 3950 consuetudines
1022 3895 1193 3966 provinciae
1212 3895 1334 3950 werden
1354 3893 1414 3949 aus·

236 3985 319 4039 recht
342 3985 485 4040 erhalten.
527 3983 644 4039 Rituale
667 3984 755 4040 Rom.
780 3985 826 4040 cit.
851 4001 880 4055 p.
900 4001 962 4054 247.
999 3984 1127 4055 Agenda
1151 3983 1236 4039 Mind.
1262 3984 1312 4037 hat
1334 3982 1415 4038 nicht

235 4074 292 4128 den
311 4073 541 4144 Trauungsritus
564 4075 695 4129 sondern
719 4073 786 4129 eine
811 4073 908 4128 oratio
933 4074 971 4128 de
990 4072 1203 4128 introducenda
1221 4088 1333 4142 sponsa
1354 4073 1415 4127 und

236 4162 404 4218 Benedictio
429 4179 548 4233 sponse.
587 4163 695 4218 Dieser
714 4163 801 4218 Ritus
826 4163 905 4218 steht
927 4163 956 4217 in
975 4163 1028 4217 der
1047 4163 1177 4231 Agenda
1195 4161 1342 4216 zwlschen
1362 4161 1416 4215 der

235 4251 553 4308 Weihwassersweihe
578 4252 637 4306 und
662 4253 731 4307 dem
750 4252 902 4307 Taufritus
927 4251 975 4308 sol.
996 4251 1045 4306 llll
1064 4267 1153 4306 verso
1174 4268 1217 4321 sq.
1256 4250 1323 4320 Vgl.
1343 4251 1416 4304 {lber

234 4341 282 4396 die
307 4341 533 4413 geschichtliche
557 4341 758 4411 Entwicklung·
785 4342 838 4396 des
862 4340 1092 4411 Trauungsritus
1118 4339 1147 4393 in
1171 4340 1225 4393 der
1250 4339 1415 4408 danischen,

235 4430 501 4500 protestantisehen
526 4429 635 4484 Kirehe
661 4430 720 4484 Lic.
740 4431 775 4486 R.
796 4430 893 4498 Vols,
916 4430 1016 4485 Vielse
1040 4430 1111 4483 eller
1135 4428 1287 4500 borgerlig
1306 4428 1414 4500 Aegte·

235 4518 376 4589 l'orening.
415 4520 610 4591 Kjdbenhavn
631 4521 707 4590 1885.
