3534 5392
961 467 1103 560 34'

504 646 680 751 Quatinus
701 680 763 746 per
783 657 883 724 liuius
904 659 1143 746 operationem
1165 659 1316 748 misterij.
1337 674 1371 728 et
1394 684 1457 748 per
1481 663 1573 730 hanc

395 774 485 841 sacri
506 774 572 842 olei
593 773 801 843 unctionem.
826 786 929 860 atque
951 787 1107 843 nostram
1133 776 1414 864 deprecationem
1440 778 1573 845 virtute

395 895 514 950 sancte
535 882 696 949 trinitatis
717 881 907 948 medicatus
928 882 1002 949 sive
1023 896 1175 951 sanatus.
1198 883 1379 972 pristinam
1400 898 1434 951 et
1456 887 1574 952 melio·

395 1003 504 1057 ratam
528 990 685 1078 recipere
706 989 872 1056 merearis
892 989 1072 1057 sanitatem
1098 991 1166 1057 Per
1192 991 1344 1060 eristum,

882 1187 946 1253 Ad
966 1189 1089 1254 oculos

500 1312 614 1409 Ungo
647 1321 767 1388 oculos
799 1334 878 1388 tuos
909 1322 953 1389 de
984 1321 1062 1388 oleo
1092 1321 1316 1390 sanctificato
1342 1335 1379 1389 vt
1404 1322 1573 1410 quidquid

395 1439 512 1506 illicito
538 1439 614 1505 visu
646 1437 830 1526 deliquisti.
856 1461 918 1532 per
949 1437 1050 1504 huius
1075 1438 1141 1505 olei
1172 1438 1367 1505 unctionem
1401 1438 1572 1525 expietur.

502 1546 675 1631 Quatinus
700 1569 762 1633 per
786 1546 888 1612 huius
913 1545 1150 1634 operationem
1177 1548 1276 1626 (etc).

885 1743 949 1809 Ad
970 1767 1081 1810 aures.

501 1869 614 1966 Ungo
648 1879 711 1945 has
745 1900 849 1945 aures
883 1877 1009 1944 sacrati
1044 1877 1110 1943 olei
1150 1877 1295 1964 liquore.
1331 1891 1368 1944 vt
1403 1877 1572 1966 quidquid

396 1995 624 2063 delectatione
649 1994 764 2061 nocivi
789 1994 926 2061 auditus
958 1992 1147 2060 admissum
1173 2006 1241 2060 est:
1275 1994 1441 2061 medicina
1473 1993 1572 2081 spiri·

396 2102 478 2171 tuali
504 2115 705 2170 evacuetur.

503 2210 686 2296 Quatinus

886 2369 950 2436 Ad
970 2393 1082 2437 nores,

503 2496 616 2592 Ungo
647 2506 711 2572 has
742 2527 844 2572 nares
876 2505 918 2571 de
943 2505 1021 2571 oleo
1051 2517 1188 2570 sacrato
1218 2515 1254 2570 ut
1279 2502 1443 2590 quidquid
1469 2503 1574 2570 noxie

398 2635 614 2691 contractum
649 2635 701 2688 est
731 2622 841 2687 oclore
875 2620 1052 2707 superlluo
1087 2620 1151 2687 ista
1182 2620 1344 2686 emundet
1376 2619 1572 2687 medicatio.

504 2730 687 2816 Quatinus

891 2887 955 2954 Ad
976 2887 1076 2954 labt'a.

502 3019 615 3114 Ungo
656 3024 744 3093 labia
783 3024 845 3091 ista
887 3022 1080 3091 consecrati
1120 3022 1187 3089 olei
1229 3022 1490 3089 medicamento
1534 3033 1570 3088 rt

398 3144 562 3234 quidquid
594 3143 714 3234 ociosa
743 3142 798 3209 vel
834 3140 1017 3207 criminosa
1050 3138 1202 3227 peccasti
1237 3138 1419 3205 locutione.
1455 3137 1570 3204 divina

397 3253 578 3320 clementia
603 3251 789 3318 miserante
813 3248 971 3337 expietur
996 3247 1059 3314 hac
1085 3246 1255 3313 unctione.

506 3360 676 3448 quatinus

873 3517 936 3584 Ad
957 3541 1090 3584 inantus.

503 3645 616 3740 Ungo
650 3655 713 3720 has
748 3674 868 3719 manus
900 3651 943 3717 de
981 3651 1059 3718 oleo
1093 3661 1299 3716 consecrato
1334 3660 1370 3715 vt
1405 3647 1572 3736 quidquid

398 3771 514 3840 illicito
549 3772 603 3837 vel
637 3769 742 3837 noxio
780 3791 886 3857 opere
918 3778 1131 3856 peregerunt
1157 3789 1218 3853 per
1244 3765 1331 3832 hanc
1370 3764 1569 3832 vnctionem

398 3892 598 3948 euacuetur.

505 3984 686 4073 QuatinuS.

889 4144 953 4211 Ad
969 4143 1081 4232 pedes.

504 4274 617 4369 Ungo
642 4282 707 4348 hos
738 4279 846 4367 pedes
879 4278 957 4345 oleo
988 4277 1170 4345 benedicto
1196 4289 1232 4343 vt
1262 4275 1427 4364 quidquid
1452 4297 1571 4363 super·

400 4399 468 4468 lluo
493 4399 548 4466 vel
573 4398 698 4465 nocivo
731 4395 867 4462 incessu
898 4395 1155 4463 commiserunt.
1182 4393 1246 4462 ista
1276 4393 1412 4460 aboleat
1442 4391 1572 4462 unctio

506 4506 678 4592 Quatinus
701 4527 764 4592 per
789 4503 900 4572 huius,
