3534 5392
808 535 851 605 55

349 700 527 777 Dominus
559 706 711 773 custodit
740 718 775 772 te
805 702 966 770 dominus
997 701 1170 791 protectio
1204 715 1278 770 tua:
1311 726 1419 792 super

243 847 381 892 manum
408 824 588 891 dexteram
613 835 718 889 tuam.

349 932 424 1009 Per
449 940 538 1006 diem
564 939 619 1006 sol
642 961 711 1005 non
735 950 814 1005 vrct
838 949 887 1005 te:
913 959 1025 1025 neque
1050 937 1129 1004 luna
1153 959 1217 1025 per
1242 950 1390 1005 noctem.

350 1057 527 1134 Dominus
557 1064 708 1132 custodit
739 1076 773 1130 te
805 1065 848 1131 ab
878 1063 971 1130 omni
1007 1063 1111 1131 malo:
1147 1063 1319 1131 custodiat
1352 1063 1419 1131 ani-

244 1205 334 1250 mam
359 1194 453 1249 tuam
478 1181 650 1249 dominus

350 1290 527 1367 Dominus
552 1298 726 1366 custodiat
755 1297 932 1365 introitum
963 1310 1060 1369 tuum
1091 1309 1126 1364 et
1150 1297 1280 1364 exitum
1304 1309 1419 1364 tuum:

243 1437 286 1482 ex
309 1415 376 1482 hoc
401 1427 550 1482 nuncet
574 1436 686 1502 usque
710 1414 743 1481 in
768 1414 934 1482 seculum.

352 1522 487 1601 Gloria.

350 1649 492 1745 Kyriel.
541 1647 671 1727 Criste.
718 1648 847 1744 Kyrie.

350 1771 455 1840 Pater
480 1797 531 1841 nr.
579 1772 622 1840 Et
647 1795 699 1840 ne.

352 1878 480 1948 Saluos
504 1881 557 1948 fac
582 1903 709 1948 servos
732 1892 813 1947 tuos
838 1892 871 1946 et
895 1879 1037 1947 ancillas
1061 1891 1150 1946 tuas.

350 1986 485 2055 Perfice
509 2010 657 2076 gressus
681 2010 804 2054 eorum
829 1987 861 2054 in
886 1986 1019 2054 semitis
1043 1986 1122 2053 tuis,

351 2094 435 2163 Vias
460 2109 537 2163 tuas
562 2095 702 2163 domine
726 2095 928 2162 demonstra
953 2085 1017 2161 eis}

350 2201 461 2269 Nichil
486 2201 645 2291 proficiat
669 2201 826 2269 inimicus
850 2201 884 2269 in
908 2201 968 2269 eis.

351 2308 436 2376 Esto
461 2309 526 2377 illis
550 2309 689 2377 domine
713 2308 819 2376 turris
844 2308 1066 2376 fortitudinis.

352 2415 500 2485 Domine
525 2416 661 2484 exaudi.

752 2558 883 2626 Oratio.
898 2562 920 2640 1)

350 2684 453 2761 Deus
489 2693 618 2761 infinite
659 2693 897 2762 misericordie
937 2706 971 2761 et
1012 2692 1203 2761 maiestatis
1243 2693 1420 2761 immense.

244 2831 347 2896 quem
371 2832 435 2876 nec
459 2809 577 2898 spacia
601 2809 759 2877 locorum
779 2832 843 2877 nec
867 2809 1047 2878 interualla
1072 2822 1279 2898 temporum.
1304 2812 1348 2877 ab
1367 2809 1422 2877 his

244 2939 334 3005 quos
359 2917 467 2984 tueris
492 2916 685 3002 abiungunt
708 2916 846 2985 Adesto
871 2917 1008 2984 famulis
1040 2916 1109 2984 tuis
1133 2916 1167 2984 in
1191 2930 1226 2985 te
1250 2917 1421 2985 confiden-

244 3023 347 3091 tibus,
372 3035 406 3090 et
430 3045 493 3111 per
518 3045 655 3091 omnem
681 3046 785 3111 quam
809 3023 889 3091 ituri
909 3036 990 3091 sunt
1009 3024 1113 3093 viam.
1139 3025 1209 3092 dux
1233 3024 1284 3093 eis
1308 3038 1342 3093 et
1367 3042 1421 3092 co·

244 3153 317 3198 mes
351 3153 431 3198 esse
465 3130 621 3218 dignare.
681 3130 790 3198 Nichil
824 3131 855 3198 ei
893 3130 1116 3199 aduersitatis
1149 3144 1284 3199 noceat.
1319 3131 1420 3199 nichil

244 3237 455 3306 difficultatis
480 3238 637 3306 obsistat.
670 3251 704 3305 et
736 3261 803 3327 ope
835 3238 959 3306 dextre
988 3250 1046 3305 tue
1074 3238 1225 3327 protecti
1255 3237 1420 3326 quidquid

243 3345 336 3420 iusto
361 3345 522 3434 petierint
546 3346 738 3413 desiderio:
764 3345 868 3413 celeri
893 3357 1152 3433 consequantur
1177 3344 1315 3413 affectu.

587 3489 781 3557 Benedictio
799 3500 881 3579 pere
904 3499 936 3557 et
958 3489 1077 3556 baculi.

352 3614 501 3682 Domine
535 3615 633 3683 ihesu
667 3615 772 3682 criste
805 3614 851 3681 fili
882 3614 937 3681 dei
970 3614 1055 3682 viui:
1090 3613 1147 3702 qui
1176 3626 1273 3680 recto
1299 3613 1421 3681 itinere

244 3722 482 3789 incedentibus
507 3723 583 3811 pius
608 3745 646 3791 es
676 3722 823 3790 adiutor.
871 3721 926 3789 Te
954 3721 1131 3810 supplices
1160 3742 1360 3789 exoramus.
1383 3733 1422 3787 vt

244 3829 331 3896 hanc
356 3852 477 3917 peram
502 3842 536 3897 et
560 3831 650 3898 hunc
674 3829 836 3898 baculum
856 3841 915 3896 tua
939 3829 1185 3897 benediccione
1209 3850 1421 3896 conseruare

245 3935 410 4023 digneris.
458 3936 502 4004 Et
532 3950 653 4025 presta
684 3936 954 4005 clementissime
985 3937 1081 4005 deus,
1107 3949 1145 4003 vt
1169 3935 1227 4023 qui
1251 3935 1340 4002 hanc
1365 3957 1421 4023 pe-

245 4065 320 4109 ram
354 4055 387 4110 et
420 4043 511 4111 hunc
539 4045 700 4112 baculum
734 4045 767 4112 in
800 4043 955 4112 humeris
987 4044 1059 4112 suis
1090 4042 1319 4132 portauerint.
1353 4064 1421 4130 ope

246 4150 484 4218 misericordie
508 4164 566 4218 tue
590 4151 707 4220 adiuti.
739 4151 794 4219 hic
825 4164 860 4219 et
888 4151 1018 4239 vbique
1047 4148 1259 4219 defensionis
1282 4161 1341 4215 tue
1365 4171 1421 4216 au-

243 4257 327 4325 xilio
352 4257 558 4326 muniantur.
606 4258 685 4327 Per.

356 4473 375 4540 ¹)
397 4472 453 4526 Die
472 4471 578 4528 Oratio
602 4471 661 4524 und
682 4470 729 4525 die
752 4471 917 4526 benedictio
941 4487 1014 4542 pere
1038 4481 1067 4524 et
1090 4468 1187 4526 baculi
1206 4469 1263 4524 wie
1283 4469 1357 4524 auch
1376 4469 1423 4526 die

244 4562 380 4633 folgende
399 4561 503 4618 Oratio
523 4560 596 4616 sehlt
615 4559 656 4614 im
676 4559 732 4616 Rit.
754 4561 842 4616 Rom.
863 4578 890 4630 p.
909 4562 970 4615 261.

1207 4649 1241 4702 6*
