3570 5402
832 453 869 499 II

265 626 347 682 nato
372 614 494 682 oculos
526 611 660 701 aperuit
693 624 727 678 et
760 609 1025 699 quatriduanum
1060 610 1213 676 lazarum
1247 608 1290 674 de
1323 629 1438 674 monu-

266 734 383 789 mento
408 720 597 788 suscitauit.

373 827 479 924 Ergo
504 836 694 904 maledicte.

704 1023 818 1114 Super
836 1025 996 1108 semaluos.

373 1166 474 1245 Deus
506 1176 579 1245 celi.
614 1176 701 1244 deus
733 1188 837 1244 terre.
875 1175 962 1243 deus
992 1174 1209 1261 angelorum.
1244 1171 1330 1239 deus
1362 1192 1440 1259 pro-

266 1292 458 1380 phetarum.
489 1292 575 1360 deus
610 1292 860 1382 apostolorum.
895 1291 981 1359 deus
1011 1289 1182 1357 matirum.
1217 1289 1304 1356 deus
1336 1285 1440 1373 virgi·

265 1421 357 1466 num.
390 1400 477 1467 deus
509 1399 663 1467 omnium
696 1401 868 1466 bonorum
900 1397 1100 1466 uiuentium.
1125 1397 1211 1464 deus
1243 1393 1297 1462 cui
1328 1392 1440 1461 omnis

265 1505 382 1592 lingua
407 1506 602 1574 confitetur.
637 1520 670 1574 et
702 1529 804 1573 omne
835 1526 928 1591 genu
960 1504 1118 1572 flectitur.
1153 1501 1341 1571 celestium.
1375 1512 1441 1568 ter-

264 1618 428 1682 restrium
467 1625 501 1681 et
542 1613 755 1681 infernorum
790 1613 844 1681 Te
882 1612 1008 1680 invoco
1045 1611 1184 1678 domine
1215 1632 1322 1699 super
1352 1609 1441 1675 hanc

265 1719 429 1788 famulam
453 1732 548 1787 tuam
572 1720 614 1788 N.
639 1732 676 1788 ut
700 1719 877 1788 custodire
908 1730 942 1786 et
965 1720 1159 1808 perducere
1183 1740 1261 1786 eam
1285 1715 1440 1804 digneris

266 1827 309 1894 ad
334 1827 482 1914 gratiam
509 1827 670 1916 baptismi
695 1827 753 1896 tui.
800 1827 837 1896 P.
863 1827 923 1894 cri.

372 1935 479 2031 Ergo
503 1944 695 2013 maledicte.

688 2150 801 2239 Super
821 2151 979 2234 femmas.
993 2153 1015 2232 ¹)

372 2291 474 2370 Deus
507 2301 700 2372 Abraham.
730 2303 817 2371 deus
851 2303 959 2370 lsaac.
991 2302 1079 2370 deus
1109 2302 1223 2390 jacob.
1261 2301 1347 2368 deus
1383 2300 1440 2388 qui

264 2416 376 2484 tribus
406 2417 509 2485 israel
539 2419 583 2486 de
608 2419 798 2508 egyptiaca
823 2418 990 2488 seruitute
1019 2418 1174 2486 liberasti
1204 2439 1267 2506 per
1292 2438 1439 2504 moysen

265 2523 433 2592 famulum
465 2536 563 2593 tuum
595 2527 639 2594 de
670 2527 830 2594 custodia
863 2527 1105 2595 mandatorum
1147 2538 1286 2593 tuorum
1320 2524 1352 2590 in
1386 2523 1441 2590 de·

265 2643 360 2698 serto
395 2632 570 2701 monuisti.
603 2646 636 2701 et
673 2652 861 2702 susannam
896 2635 938 2701 de
973 2634 1060 2701 falso
1099 2632 1242 2700 crimine
1275 2630 1439 2698 liberasti.

265 2737 320 2804 Te
353 2739 501 2828 supplex
534 2740 707 2829 deprecor
741 2741 889 2809 domine.
923 2754 960 2808 ut
994 2740 1120 2808 liberes
1153 2741 1241 2808 hanc
1277 2738 1441 2806 famulam

265 2857 358 2912 tuam
382 2845 424 2915 N.
450 2859 484 2915 et
508 2848 704 2936 perducere
734 2872 811 2916 eam
841 2848 998 2936 digneris
1030 2850 1074 2916 ad
1105 2847 1254 2936 gratiam
1280 2844 1440 2934 baptismi

264 2951 313 3019 tui
337 2976 368 3041 p.
394 2975 441 3021 cr.

370 3060 477 3157 Ergo
502 3071 694 3139 maledicte.

596 3258 709 3347 Super
731 3268 920 3348 utrumque.
973 3259 1104 3328 Oratio.

370 3398 542 3478 Eternam
568 3434 608 3478 ac
629 3411 858 3500 justissimam
879 3412 1042 3501 pietatem
1067 3425 1160 3480 tuam
1186 3413 1357 3502 deprecor
1382 3411 1440 3477 do-

264 3523 355 3591 mine
379 3538 498 3592 sancte
517 3540 618 3624 pater
638 3539 756 3596 eterne
781 3530 882 3596 deus:
907 3528 1043 3596 luminis
1064 3540 1098 3596 et
1118 3529 1276 3597 veritatis
1301 3541 1439 3596 auctor:

263 3630 403 3698 effunde
436 3633 587 3719 gratiam
623 3648 717 3702 tuam
751 3659 857 3725 super
891 3637 982 3704 hunc
1016 3636 1182 3704 famulum
1215 3649 1311 3704 tuum
1336 3635 1377 3703 N.
1403 3648 1440 3702 ut

263 3737 420 3825 digneris
450 3762 528 3808 eum
557 3741 750 3811 illuminare
779 3744 908 3812 lumine
938 3744 1162 3832 intelligentie
1191 3757 1258 3812 tue.
1311 3743 1440 3811 Munda

263 3867 342 3912 eum
373 3859 406 3913 et
436 3848 622 3917 sanctifica.
669 3851 725 3918 Da
754 3851 785 3918 ei
810 3851 989 3919 scientiam
1014 3875 1134 3920 veram
1158 3866 1196 3919 ut
1220 3851 1347 3937 dignus
1372 3849 1440 3918 effi·

266 3951 373 4020 ciatur
407 3956 576 4023 accedere
609 3958 653 4024 ad
682 3958 834 4045 gratiam
870 3959 1033 4048 baptismi
1072 3959 1120 4027 tui
1157 3971 1271 4026 teneat
1304 3957 1439 4025 firmam

264 4080 377 4146 spem:
398 4061 588 4131 'consilium
617 4078 760 4133 rectum.
786 4066 978 4134 doctrinam
1008 4080 1172 4134 sanctam.
1201 4078 1238 4133 vt
1270 4078 1371 4154 aptus
1396 4065 1440 4132 sit

264 4167 307 4234 ad
331 4170 590 4260 percipiendam
616 4173 766 4259 gratiam
791 4173 954 4261 baptismi
978 4174 1037 4243 tui.
1085 4173 1122 4242 P.
1148 4196 1196 4241 cr.

261 4365 475 4377 ¹-—

371 4474 390 4539 ¹l
410 4472 433 4526 F
435 4473 495 4527 ehlt
514 4473 555 4527 im
574 4473 631 4529 Rit.
652 4473 830 4529 Romanum.
