3534 5392
798 467 842 554 63

228 665 312 710 caro
336 643 464 710 lactum
490 656 559 712 est:
585 657 619 712 et
642 643 810 712 habitabit
834 644 867 711 in
888 643 987 711 nobis
1012 644 1055 711 Et
1079 645 1230 712 vidimus
1255 642 1405 730 gloriam

228 750 317 818 eius:
353 751 506 838 gloriam
538 752 637 840 quasi
669 751 838 839 unigeniti
870 775 890 818 a
922 749 1032 840 patre.
1063 751 1202 839 plenum
1234 749 1348 838 gratia
1373 761 1407 816 et

227 870 384 926 veritate.

338 1035 465 1116 Gloria
490 1045 522 1113 in
547 1047 696 1114 excelsis
721 1048 788 1114 deo

336 1161 387 1239 Et
411 1171 444 1237 in
469 1184 563 1239 terra
587 1195 655 1261 pax
672 1171 871 1239 hominibus
890 1173 982 1239 bone
1002 1171 1201 1240 voluntatis,
1226 1173 1406 1240 laudamus

229 1301 272 1355 te.
298 1287 532 1355 benedicimus
563 1301 608 1355 te.
640 1288 828 1363 adoramus
857 1300 901 1355 te.
933 1287 1170 1375 glorificamus
1202 1300 1246 1355 te.
1271 1287 1405 1374 gratias

229 1395 366 1482 agimus
398 1395 458 1462 tibi
491 1406 637 1484 propter
671 1417 834 1492 magnam
868 1394 1018 1481 gloriam
1051 1407 1154 1462 tuam.
1187 1394 1326 1464 domine
1359 1394 1406 1462 fili

229 1502 407 1590 vnigenite
430 1502 530 1569 ihesu
555 1501 695 1570 christe.
719 1500 858 1569 domine
884 1501 981 1569 deus.
1007 1524 1120 1588 agnus
1146 1502 1210 1571 dei.
1235 1502 1325 1570 filius
1349 1525 1407 1590 pa=

228 1609 302 1678 tris.
327 1608 385 1697 qui
409 1609 501 1677 tollis
533 1620 677 1696 peccata
708 1609 826 1676 mundi
857 1609 1025 1677 miserere
1056 1609 1167 1678 nobis,
1215 1609 1285 1694 Qui
1314 1610 1406 1677 tollis

228 1729 372 1806 peccata
396 1717 514 1785 mundi
548 1716 687 1804 suscipe
716 1715 997 1805 deprecationem
1029 1729 1185 1784 nostram
1210 1715 1280 1801 Qui
1303 1717 1406 1785 sedes

229 1824 272 1892 ad
297 1825 477 1891 dexteram
502 1823 612 1912 patris
632 1823 799 1891 miserere
818 1823 929 1892 nobis,
966 1823 1057 1908 Quia
1077 1836 1113 1890 tu
1134 1825 1230 1891 solus
1254 1836 1405 1892 sanctus

229 1931 285 1998 Tu
309 1931 404 1998 solus
428 1931 598 1998 dominus.
632 1931 689 1998 Tu
714 1931 810 1998 solus
831 1931 1019 1998 altissimus
1044 1930 1142 2018 ihesu
1167 1931 1279 1999 criste.
1316 1930 1405 1999 Cum

229 2050 351 2105 sancto
375 2037 497 2126 spiritu
522 2037 556 2105 in
580 2038 694 2125 gloria
719 2037 773 2105 dei
796 2037 906 2125 patris
931 2039 1044 2105 Amen
1352 2029 1364 2044 ²

572 2215 760 2284 Sz'mbolum
785 2218 1024 2304 apostolorum.
1039 2219 1060 2298 ¹)

337 2341 457 2419 Credo
489 2349 523 2417 in
553 2373 659 2417 unum
684 2351 787 2418 deum
817 2363 953 2438 patrem
985 2350 1268 2439 omnipotentem.
1302 2351 1407 2418 lacto·

229 2489 303 2534 rem
328 2467 390 2534 celi
415 2479 449 2534 et
473 2480 578 2534 terre.
603 2465 787 2534 visibilium
814 2467 967 2534 omnium
992 2478 1025 2533 et
1050 2466 1281 2535 inuisibilium.

334 2575 386 2652 Et
410 2583 443 2650 in
467 2606 574 2650 vnum
599 2583 774 2650 dominum
796 2583 932 2650 ihesum
953 2583 1105 2650 eristum.
1131 2582 1313 2651 filiumdei
1336 2584 1406 2651 vni-

229 2699 384 2787 genitum
419 2712 453 2767 et
484 2723 527 2766 ex
559 2714 657 2787 patre
681 2712 799 2767 natum
831 2713 910 2767 ante
935 2699 1050 2767 omnia
1081 2701 1209 2768 secula.
1234 2701 1337 2768 deum
1363 2703 1407 2768 de

229 2807 305 2881 de0.
331 2807 446 2874 lumen
472 2806 670 2874 delumine.
695 2809 799 2874 deum
820 2830 943 2874 verum
968 2809 1011 2874 de
1035 2808 1102 2875 deo
1127 2830 1224 2875 vero,
1249 2807 1406 2894 genitum

229 2937 298 2982 non
323 2915 452 2982 lactum
478 2913 809 2981 consubstantialem
840 2914 929 3002 patri
955 2937 1018 3002 per
1047 2936 1149 3002 quem
1176 2914 1291 2982 omnia
1316 2915 1406 2982 lacta

229 3035 319 3089 sunt.
346 3021 403 3110 qui
435 3029 581 3110 propter
615 3044 679 3088 nos
713 3021 872 3089 homines
901 3035 935 3088 et
965 3035 1110 3109 propter
1140 3035 1294 3089 nostram
1319 3021 1407 3088 salu·

230 3142 297 3195 tem
324 3127 502 3197 descendit
526 3129 570 3195 de
594 3129 687 3196 celis.

335 3235 386 3313 Et
418 3244 617 3312 incarnatus
651 3257 704 3312 est
738 3246 781 3313 de
814 3243 938 3333 spiritu
969 3258 1101 3312 sancto.
1127 3267 1169 3311 ex
1201 3245 1310 3312 maria
1341 3245 1406 3312 vir-

230 3359 323 3448 gine.
349 3373 382 3427 et
406 3362 512 3428 homo
538 3361 648 3429 factus
678 3373 741 3429 cst.
768 3361 953 3428 crucifixus
984 3361 1086 3429 etiam
1119 3385 1184 3449 pro
1216 3361 1316 3429 nobis
1341 3363 1406 3428 sub

230 3467 356 3556 poncio
381 3467 488 3554 pilato
512 3481 546 3535 et
570 3469 727 3555 sepultus
753 3480 816 3535 est.
842 3481 876 3534 et
907 3467 1100 3535 resurrexit
1131 3467 1239 3536 tercia
1271 3469 1325 3535 die
1355 3491 1406 3535 se·

230 3576 380 3641 cundum
406 3573 609 3662 scripturas.
635 3588 669 3642 et
693 3575 850 3642 ascendit
881 3575 914 3642 in
947 3576 1068 3642 celum.
1094 3577 1192 3642 sedet
1222 3575 1267 3642 ad
1291 3575 1406 3641 dexte-

230 3704 305 3748 ram
337 3681 456 3769 patris.
483 3694 516 3748 et
549 3682 672 3749 iterum
707 3695 875 3749 venturus
910 3696 963 3750 est
998 3705 1075 3749 cum
1109 3682 1223 3769 gloria
1252 3681 1405 3748 iudicare

162 3871 169 3881 ἱ
229 3788 331 3856 uiuos
357 3800 390 3854 et
411 3801 579 3856 mortuos.
606 3789 704 3856 cuius
721 3790 820 3876 regni
844 3812 913 3856 non
934 3789 999 3856 erit
1019 3789 1096 3856 finis
1120 3789 1165 3856 Et
1188 3789 1221 3856 in
1246 3781 1405 3876 spiritum

230 3906 388 3962 sanctum
423 3895 603 3963 dominum·
630 3908 663 3964 et
697 3896 939 3964 uiuificantem.
973 3896 1030 3985 qui
1061 3920 1105 3964 ex
1137 3909 1236 3984 patre
1266 3895 1406 3984 filioque

146 4070 149 4076 ,
230 4001 397 4090 procedit.
445 4001 514 4087 Qui
548 4026 626 4070 cum
658 4016 756 4092 patre
788 4016 822 4071 et
853 4003 923 4070 filio
948 4003 1049 4070 simul
1078 4005 1244 4070 adoratur
1269 4014 1302 4069 et
1328 4025 1406 4069 con·

339 4251 356 4318 ¹)
378 4250 410 4304 ln
430 4251 598 4320 Norwegen
619 4251 677 4304 und
696 4249 748 4304 auf
764 4249 860 4304 lsland
880 4266 944 4304 war
964 4250 993 4303 in
1012 4250 1134 4303 altester
1150 4249 1215 4303 Zeit
1234 4266 1324 4320 sogar
1343 4249 1406 4304 eine

229 4339 417 4410 Paraphrase
445 4340 498 4394 des
527 4339 662 4410 Symbol.
706 4339 812 4409 Apost.
838 4339 867 4393 in
892 4338 939 4393 die
967 4338 1284 4409 Gesetzsammlungen
1311 4339 1408 4408 autge-

227 4446 377 4485 nommen.
419 4429 483 4500 Vgl.
510 4429 592 4483 diese
616 4429 806 4499 Paraphrase
829 4429 878 4482 bei
901 4429 1045 4497 Schmitz,
1072 4428 1196 4497 Erganz.
1220 4427 1290 4482 Heft
1312 4429 1346 4481 61
1372 4445 1407 4482 zu

227 4519 285 4574 den
304 4517 346 4573 St.
366 4535 419 4572 aus
438 4517 476 4573 M.
496 4517 598 4572 Laach
616 4517 646 4572 S.
667 4535 702 4589 70
720 4520 778 4573 und
800 4535 858 4589 151.
