3570 5402
912 511 956 578 26

345 701 497 755 sanctus,
545 688 755 756 Benedicant
780 702 814 756 te
839 689 954 776 anegli
976 689 1115 776 [angeli]
1140 702 1174 756 et
1199 690 1409 775 archangeli.
1431 690 1520 777 prin-

346 796 479 883 cipatus
504 809 537 862 et
563 808 763 884 potestates.
804 797 1015 863 Benedicant
1040 811 1073 865 te
1098 821 1223 864 nouem
1250 797 1390 864 ordines
1416 821 1520 884 ange-

345 903 457 969 lorum
478 903 578 989 regni
600 903 746 972 celestis
784 903 994 971 Benedicant
1012 917 1045 971 te
1060 905 1336 991 vigintiquatuor
1352 904 1519 972 seniores.

344 1009 403 1096 qui
427 1023 506 1077 ante
531 1012 693 1077 thronum
719 1011 773 1078 dei
799 1024 888 1078 sunt.
937 1011 1148 1078 Benedicant
1172 1026 1205 1078 te
1230 1012 1378 1079 virtutes
1404 1025 1437 1079 et
1461 1012 1519 1079 do·

346 1116 560 1186 minationes
618 1118 828 1185 Benedicant
862 1131 896 1186 te
929 1118 1044 1185 throni
1078 1118 1243 1186 cherubin
1278 1132 1312 1186 et
1345 1119 1518 1207 seraphin.

345 1223 554 1292 Benedicent
593 1237 627 1292 te
661 1225 857 1313 patriarche
890 1240 924 1293 et
957 1227 1128 1315 prophete
1149 1239 1196 1293 -et
1230 1227 1379 1314 apostoli
1415 1225 1518 1292 cristi.

345 1331 553 1399 Benedicent
583 1345 616 1400 te
646 1332 807 1399 martires
838 1346 871 1401 et
902 1333 1123 1401 confessores
1148 1347 1257 1421 atque
1286 1333 1452 1421 virgines.
1485 1345 1518 1399 et

345 1438 457 1506 omnis
495 1440 688 1508 benedictio
728 1463 795 1527 que
833 1441 865 1507 in
903 1441 1085 1530 scripturis
1123 1441 1252 1508 sanctis
1288 1441 1418 1528 scripta
1454 1451 1516 1506 est.

344 1546 459 1614 veniat
483 1571 588 1635 super
613 1558 656 1615 te.
704 1549 827 1615 Amen.

451 1690 505 1757 De
534 1716 636 1759 sacra
661 1695 811 1759 erecteoae
834 1702 885 1760 est
913 1693 1099 1760 notandam
1129 1693 1223 1780 quod
1244 1694 1379 1772 castrare
1402 1693 1517 1759 aneae-

344 1800 491 1864 ra'strarr'
529 1822 597 1865 non
631 1800 742 1865 debet.
782 1799 844 1866 nisi
878 1800 921 1866 de
964 1803 1033 1866 ee'ta
1071 1801 1279 1888 desperatur.
1322 1801 1403 1886 qaz‘a
1436 1823 1518 1865 rura

343 1909 494 1972 tertiariae
525 1906 662 1973 debetur
684 1931 783 1973 sacro
816 1908 895 1974 olco.
944 1908 996 1974 Ne
1024 1908 1100 1974 circle
1130 1916 1237 1974 vestes
1255 1907 1352 1993 forte
1375 1909 1518 1993 correqui-

343 2022 473 2080 eentar.
508 2013 588 2080 [tene
612 2022 691 2080 aeta
716 2016 809 2101 qaod
830 2039 895 2081 aen
920 2014 1015 2080 debet
1037 2016 1171 2100 refirma
1194 2017 1289 2081 sacri
1314 2013 1392 2080 Olee‘
1412 2015 1519 2079 erectio

344 2122 609 2187 arrrrer'mstrari:
639 2124 709 2187 nr'sr'
735 2123 841 2188 semel
868 2124 901 2188 r'n
932 2146 1030 2188 erana.
1079 2121 1171 2188 Licet
1200 2124 1312 2209 sepius
1343 2123 1398 2187 ille
1430 2121 1518 2187 edem

343 2229 547 2313 e’rrfirnrater.
582 2228 651 2294 Nec
671 2231 771 2295 ettam
795 2232 829 2295 r'a
853 2238 921 2295 tota
946 2231 1024 2296 uita.
1060 2228 1152 2294 Licet
1173 2231 1296 2318 r'reangy'
1311 2229 1392 2320 plus
1416 2253 1518 2316 persua

343 2335 451 2402 trebes
474 2335 608 2402 vecibus
634 2337 708 2402 le'cet
728 2339 901 2424 sepe'ssrine
930 2339 1039 2424 ipsam
1068 2338 1242 2425 contingat
1264 2335 1444 2419 rizfirrrurrr'.

450 2441 531 2509 [tera
555 2443 648 2530 quod
674 2446 708 2510 ire
732 2443 895 2510 Auribus.
948 2445 1073 2510 Oculis.
1121 2443 1284 2510 Naribus,
1315 2443 1393 2510 Ore.
1443 2443 1516 2510 Ma-

345 2549 452 2616 ar'bus.
488 2552 534 2616 e'ta
567 2551 661 2638 qaod
681 2551 781 2617 Ler'ce'
808 2553 841 2616 e'rr
867 2553 996 2639 palma.
1044 2549 1245 2618 Sacerdotes
1269 2575 1349 2617 uero
1374 2574 1518 2638 quoram

342 2681 466 2724 aranas
489 2658 628 2746 degatur
649 2668 798 2746 persona
823 2667 923 2725 cretea
943 2661 1105 2746 perunxit
1133 2667 1239 2725 extra.
1264 2670 1298 2725 et
1323 2657 1356 2724 in
1374 2657 1519 2747 peddras

338 2773 554 2854 perureretur
577 2789 634 2832 aec
658 2767 692 2832 e'e
710 2765 869 2853 pluribus
892 2767 981 2832 locis.
997 2767 1018 2846 ¹)

450 2871 530 2938 Item
561 2874 747 2940 aotaadma
779 2874 872 2961 qaod
899 2898 1037 2940 sacrare
1067 2877 1250 2941 erectrhaem
1280 2883 1412 2960 seraper
1440 2872 1516 2939 leta·

342 2981 399 3046 nea
417 2981 597 3067 precedere
625 2980 719 3047 debet
746 3005 821 3048 caaz
850 3005 952 3048 arena.
999 2980 1052 3048 Ne
1076 2981 1310 3049 reminiscaris
1334 2979 1516 3063 dolminel.

344 3085 390 3152 Et
412 3088 546 3154 collecta
570 3091 723 3176 sequenti
742 3090 873 3166 scilicet,
899 3088 1127 3176 omnipotens.

864 3269 994 3335 Oratae.

452 3390 691 3488 Omnipotens
733 3401 943 3490 sempiterne
985 3402 1072 3470 deus
1117 3423 1306 3488 quesumus
1349 3401 1516 3468 imensam

342 3516 559 3583 clementiam
598 3528 703 3586 tuam.
762 3517 807 3586 Ut
846 3520 888 3585 ad
929 3517 1105 3585 introitum
1145 3517 1345 3585 humilitatis
1387 3530 1516 3584 nostre.

341 3625 430 3690 hunc
456 3623 622 3690 famulum
644 3638 740 3692 tuum
765 3625 796 3692 N
821 3625 852 3691 in
874 3625 940 3692 hoc
961 3625 1157 3692 habitaculo
1183 3625 1311 3692 sessum
1338 3625 1516 3692 iacentem.

450 3857 468 3924 ¹)
490 3855 545 3910 Die
566 3855 769 3924 Bemerkung,
796 3856 866 3910 dass
890 3855 937 3908 die
957 3845 1058 3924 Olung
1081 3871 1134 3908 nur
1158 3854 1264 3908 einmal
1289 3855 1327 3908 im
1348 3854 1438 3924 Jahre
1459 3855 1516 3908 und

341 3963 393 4000 nur
422 3945 546 4000 drcimal
576 3945 615 3998 im
645 3962 756 4014 ganzcn
783 3944 897 4012 Leben,
926 3944 999 3998 auch
1029 3960 1115 3997 wenn
1145 3945 1199 3998 der
1219 3944 1401 3998 betreffcnde
1426 3943 1517 3997 osters

341 4035 495 4104 crkrankt,
520 4035 685 4104 gespendet
709 4035 832 4088 werden
856 4034 951 4102 durse,
976 4033 1082 4088 weicht
1103 4051 1161 4088 von
1180 4035 1234 4088 der
1253 4033 1392 4103 heutigen
1411 4033 1517 4088 Praxis

343 4126 387 4179 ab.
427 4125 481 4179 Dic
502 4124 590 4178 Hand
609 4125 662 4177 des
683 4123 828 4178 Priesters
847 4123 920 4177 wird
940 4123 1113 4178 ausserhalb
1134 4124 1255 4192 gesalbt,
1276 4123 1343 4177 weil
1362 4123 1426 4176 eine
1446 4129 1518 4176 wttr·

340 4213 442 4282 digere
458 4215 569 4269 Person
587 4213 728 4280 (Bischot't
744 4214 790 4268 die
806 4214 906 4268 innerc
920 4212 1006 4268 Hand
1022 4213 1069 4267 bei
1088 4214 1140 4267 der
1155 4212 1383 4268 Pricsterweihe
1404 4212 1518 4280 gcsaibt

342 4303 399 4356 hat.
433 4305 558 4374 Agenda
575 4303 660 4360 Mind.
679 4303 726 4358 t'ol.
742 4303 842 4358 XXIX
861 4320 963 4358 verso:
987 4303 1049 4370 „Ad
1070 4320 1177 4357 manus
1198 4302 1319 4356 interius
1339 4302 1516 4373 presbytero

340 4393 470 4446 exterius
489 4393 572 4448 cuius
593 4411 696 4448 manus
715 4393 836 4448 interius
857 4393 976 4447 inunctc
997 4400 1061 4447 sunt
1077 4410 1095 4448 a
1111 4392 1293 4462 suh'raganio
1314 4409 1387 4460 ergo
1408 4390 1515 4444 cedere

340 4471 425 4534 dccet
451 4482 562 4538 maiori.
601 4483 654 4538 Die
679 4483 809 4554 Salbung
833 4483 887 4536 der
912 4501 1012 4553 rencs,
1038 4483 1152 4537 welche
1177 4483 1250 4536 nach
1277 4482 1333 4535 int.
1360 4481 1444 4536 Rom.
1470 4480 1515 4535 bei

342 4568 482 4624 hittnncrn
504 4581 642 4642 gestattct
663 4572 708 4642 ist,
728 4573 816 4627 kennt
839 4574 893 4627 der
912 4572 987 4630 Man.
1010 4573 1099 4628 Rosk.
1120 4573 1204 4627 nicht.
