3570 5402
943 507 985 550 22

860 661 1073 750 Complendn.

485 794 656 871 Proficiat
681 799 780 866 nobis
801 799 845 866 ad
865 796 1009 864 salutem
1032 794 1190 882 corporis
1211 806 1244 860 et
1264 792 1387 861 anime.
1413 791 1549 858 domine

379 921 464 986 deus
489 919 589 986 huius
614 915 820 984 sacramenti
846 913 1031 1001 susceptio.
1058 925 1091 979 et
1115 910 1326 998 sempiterna
1351 921 1469 976 sancte
1493 907 1549 975 tri-

379 1026 494 1094 nitatis
519 1025 674 1091 eiusdem
704 1023 878 1090 individue
908 1020 1047 1087 unitatis
1072 1017 1256 1085 confessio.
1304 1016 1371 1082 Per
1396 1015 1548 1098 eristum.

857 1218 1070 1227 ————

799 1413 989 1554 Caput
1026 1411 1129 1518 IV.

699 1630 956 1710 Benedictio
985 1627 1182 1708 thalami.
1200 1627 1225 1723 ¹)

486 1795 644 1873 Benedic
676 1802 814 1868 domine
848 1801 936 1866 hunc
967 1799 1154 1865 thalamum
1186 1810 1220 1864 et
1249 1818 1370 1864 omnes
1400 1796 1550 1862 babitan-

379 1935 432 1989 tes
457 1920 489 1988 in
515 1943 567 1987 e0.
592 1931 629 1985 vt
664 1918 696 1984 in
731 1930 788 1983 tua
821 1938 912 2004 pace*
938 1914 1136 1982 consistant.
1162 1927 1195 1982 et
1220 1914 1253 1981 in
1285 1926 1343 1980 tua
1373 1912 1550 1980 voluntate

379 2039 611 2116 permaneant.
637 2038 670 2092 et
696 2025 727 2091 in
752 2037 811 2091 tua
835 2046 954 2090 amore
975 2023 1093 2090 viuant
1113 2034 1271 2088 crescant
1296 2033 1329 2088 et
1355 2032 1548 2087 senescant.

379 2148 413 2201 et
438 2133 704 2221 multiplicentur
730 2131 760 2197 in
787 2130 1000 2217 longitudine
1024 2130 1168 2196 dierum.
1217 2129 1284 2195 Per
1310 2128 1464 2195 cristum.

919 2291 1009 2357 [lenz.

487 2419 630 2497 Adesto
655 2425 793 2493 domine
817 2424 1125 2513 supplicationibus
1154 2423 1283 2491 nostris
1313 2435 1346 2490 et
1375 2423 1463 2490 hanc
1493 2422 1551 2489 do·

380 2567 473 2611 mum
514 2543 647 2610 serenis
680 2542 789 2611 oculis
823 2554 881 2608 tue
914 2540 1051 2630 pietatis
1087 2540 1229 2608 illustra.
1287 2540 1329 2608 Et
1362 2540 1551 2607 descendat

379 2675 485 2740 super
510 2650 702 2717 habitantes
727 2649 759 2716 in
784 2673 825 2716 ea
849 2649 963 2736 gratie
987 2661 1045 2716 tue
1069 2648 1175 2736 longa
1200 2647 1400 2715 benedictio.
1447 2646 1493 2715 Ut
1518 2647 1550 2714 in

380 2759 445 2846 hijs
471 2756 674 2824 manufactis
699 2755 912 2823 habitaculis,
937 2778 1015 2822 cum
1036 2755 1238 2823 salubritate
1260 2755 1323 2843 ipsi
1343 2767 1438 2822 tuum
1465 2777 1551 2821 sem-

380 2889 442 2953 per
467 2864 534 2931 sint
559 2862 790 2930 babitaculum
816 2886 878 2951 per
903 2863 1056 2931 eristum.

488 2971 578 3038 ltenr.
626 2970 774 3038 Domine
799 2983 919 3038 sancte
944 2983 1042 3059 pater
1067 2970 1286 3059 omnipotens
1311 2982 1430 3037 eterne
1454 2970 1551 3039 deus

380 3092 413 3146 te
438 3080 585 3166 supplex
610 3101 811 3145 exoramus:
843 3092 880 3146 vt
909 3078 1187 3146 coniunctionem
1217 3077 1368 3144 fidelium
1399 3089 1550 3144 tuorum.

380 3199 438 3253 tua
462 3184 702 3253 benedictione
729 3185 850 3253 fovere
874 3185 1039 3271 digneris.
1065 3207 1255 3272 omnesque
1279 3186 1322 3252 ab
1347 3184 1397 3252 eis
1422 3184 1550 3253 inimici

381 3293 502 3360 insidie
526 3305 726 3360 avertantur
752 3293 797 3359 Vt
821 3305 879 3359 tua
904 3292 1121 3381 providentia
1153 3292 1316 3380 conjungi
1344 3305 1551 3360 mereantur.

380 3401 447 3467 Per
472 3399 614 3467 eristum
640 3401 732 3467 dom.
756 3399 885 3480 dom.‘·')

489 3632 507 3698 ¹)
529 3631 591 3686 Das
617 3629 673 3684 Rit.
701 3629 787 3684 Rom.
815 3628 853 3683 cit
878 3646 905 3700 p.
932 3645 985 3700 259
1010 3629 1060 3684 hat
1085 3629 1111 3683 in
1139 3630 1332 3684 verdnderter
1358 3629 1471 3685 Gestalt
1499 3648 1552 3685 nnr

381 3722 436 3776 das
455 3729 535 3775 erste
555 3719 658 3775 Gebet.

488 3810 508 3878 ²)
530 3795 612 3864 Uber
631 3809 677 3863 die
697 3807 827 3879 Stellung
845 3809 898 3862 des
917 3807 1074 3862 daniscben
1094 3807 1212 3864 Staates
1232 3827 1283 3864 zur
1303 3809 1552 3880 Ebescbliessung

381 3901 437 3969 vgl.
467 3898 503 3954 H.
533 3898 672 3953 Matzen
701 3908 735 3953 et
762 3897 787 3968 J.
814 3898 941 3966 Timm,
969 3897 1136 3966 Haandbog
1160 3897 1168 3952 i
1188 3899 1245 3955 den
1266 3899 1377 3953 danske
1404 3899 1551 3956 Kirkeret.

380 3988 573 4059 Kjobenhavn
592 3989 658 4056 1891
675 4005 702 4059 p.
716 3988 759 4042 88.
790 3987 910 4042 Danach
928 3987 1019 4042 kann
1039 3986 1106 4043 eine
1123 3988 1305 4060 burgerlicbe
1321 3987 1382 4043 Ehe
1398 3989 1551 4056 (Civilehel

381 4077 574 4146 geschlossen
595 4078 727 4146 werden,
747 4095 835 4132 wenn
855 4075 902 4131 die
922 4076 1027 4131 beiden
1048 4077 1215 4132 Brautleute
1234 4077 1314 4133 einer
1334 4078 1360 4133 in
1382 4079 1550 4133 Danemark

380 4167 458 4222 nicht
475 4167 675 4222 anerkannten
690 4166 1033 4238 Religionsgesellschall
1047 4168 1226 4236 angehoren,
1241 4169 1267 4222 d.
1283 4168 1309 4224 b.
1326 4167 1407 4223 einer
1422 4168 1553 4232 solchen,

381 4257 492 4310 welche
507 4256 592 4311 keine
608 4256 647 4311 im
664 4257 747 4311 Land
763 4257 944 4312 ancrkannte
960 4258 1017 4311 und
1034 4274 1085 4312 zur
1100 4257 1332 4329 Abschliessung
1347 4258 1400 4313 der
1414 4258 1553 4328 Trauung

381 4345 562 4418 berecbtigte
582 4346 744 4401 Geistliche
768 4347 832 4416 hat,
856 4348 928 4401 oder
951 4347 1016 4402 falls
1039 4348 1085 4403 die
1109 4347 1215 4402 beiden
1236 4347 1448 4418 Nupturienten
1473 4365 1553 4403 zwar

382 4451 416 4487 zu
440 4434 496 4489 den
522 4437 724 4491 ancrkannten
748 4438 821 4492 aber
844 4437 1075 4493 verschiedenen
1100 4437 1479 4509 Religionsgesellscbalten
1505 4455 1553 4506 ge·

382 4520 481 4578 boren.
521 4524 581 4579 llcr
605 4525 853 4581 Standesbeamte
879 4527 916 4581 ist
943 4527 971 4582 in
997 4530 1053 4582 den
1077 4528 1200 4582 Stadten
1229 4529 1283 4581 der
1307 4527 1554 4598 Burgermeistec,
