3534 5392
836 478 883 544 23*

708 667 898 808 Caput
934 666 1005 773 V.

572 883 782 963 Visitatio
812 882 1100 961 infirmorum.
1121 884 1143 979 ¹)

377 1044 488 1133 Legat
515 1053 638 1131 septem
665 1045 821 1131 psalmos
852 1046 885 1108 rii
910 1046 975 1109 avii.
1008 1045 1210 1110 uersiculum
1236 1046 1330 1132 apud
1352 1047 1442 1130 instr-

270 1176 362 1218 mum
386 1161 417 1218 el
439 1152 598 1217 intrando
623 1152 728 1217 di‘cal:
752 1150 825 1217 Pax
849 1149 928 1216 huic
953 1150 1069 1216 domui
1101 1149 1143 1217 Et
1168 1151 1328 1218 omnibus
1353 1152 1444 1219 habi-

270 1258 420 1326 tantibus
446 1257 478 1324 in
503 1281 554 1326 ea.

796 1382 926 1449 Oratio.

377 1510 614 1606 Omnipotens
649 1517 858 1605 sempiterne
892 1517 977 1584 (leus
1012 1517 1070 1604 qui
1100 1518 1342 1586 sacerdotibus
1377 1519 1443 1586 tuis

267 1648 396 1703 tantam
423 1634 579 1721 graciam
605 1633 780 1704 contulisti
814 1646 850 1699 ut
882 1633 1047 1722 quidquid
1080 1636 1123 1700 ab
1155 1634 1205 1701 eis
1237 1635 1343 1722 digne
1368 1659 1444 1724 pei·-

269 1743 427 1830 fecteque
451 1742 567 1830 agitur
592 1765 611 1808 a
636 1754 669 1808 te
694 1741 768 1808 lieri
794 1742 964 1808 credatur.
1012 1741 1213 1826 Quesumus
1238 1742 1442 1810 immensam

269 1851 484 1917 clementiam
519 1864 612 1916 tuam
647 1862 684 1915 vt
717 1848 883 1935 quidquid
919 1849 949 1914 in
985 1862 1044 1914 tuo
1079 1849 1216 1916 nomine
1251 1850 1442 1918 visitamus.

271 1959 400 2025 visites
435 1970 468 2024 et
502 1956 668 2044 quidquid
708 1955 954 2022 benedicimus.
990 1957 1184 2024 benedicas
1242 1955 1365 2045 Sitque
1400 1959 1443 2024 acl

274 2078 391 2132 nostre
430 2064 631 2132 humilitatis
669 2062 856 2131 introitum.
892 2076 1091 2130 sanctorum
1130 2077 1269 2131 tuorum
1312 2066 1443 2133 meritis

270 2173 352 2259 fuga
378 2173 601 2239 daemonum:
627 2186 660 2238 et
680 2171 794 2258 angeli
817 2171 911 2259 pacis
933 2171 1124 2258 ingressus.
1159 2172 1227 2239 Per
1253 2171 1443 2240 Christum.

376 2279 442 2347 Hic
466 2289 673 2369 aspergatur
695 2303 796 2366 aqua.
844 2279 1030 2366 Asperges
1056 2302 1110 2345 me
1134 2279 1281 2347 domine.

375 2392 419 2462 ll.
468 2395 626 2463 Ostende
651 2395 751 2462 nobis
776 2395 915 2462 domine
940 2395 1224 2464 misericordiam.

381 2512 533 2579 Collecta.
572 2511 715 2612 ‘Exaudi
747 2535 811 2580 nos
844 2511 983 2579 domine
1015 2526 1132 2579 sancte
1163 2525 1262 2599 pater
1288 2514 1441 2601 omnipo-

269 2634 345 2688 tens
369 2633 488 2687 eterne
513 2621 598 2687 deus
623 2619 730 2686 Prius
753 2620 902 2687 ltabelur.

729 2781 809 2848 llein
834 2782 913 2848 colle
932 2791 976 2848 la.

375 2909 477 2986 Deus
511 2916 569 3003 qui
603 2915 731 2983 famulo
763 2930 823 2982 tuo
855 2915 993 2982 ezechie
1025 2929 1077 2982 ter
1109 2916 1232 3002 quinos
1264 2941 1373 2984 annos
1399 2920 1442 2985 ad

271 3033 377 3100 vitam
402 3033 550 3100 donasti.
577 3032 622 3100 ita
647 3045 680 3098 et
704 3033 794 3098 bunc
820 3032 986 3098 famulum
1007 3045 1103 3099 tuum
1128 3032 1169 3099 N.
1196 3033 1329 3100 alecto
1354 3035 1443 3120 egri·

269 3140 397 3207 tudinis
429 3152 487 3207 tua
517 3139 671 3227 potentia
701 3139 819 3227 erigas
848 3141 890 3206 ad
921 3140 1079 3207 salutem.
1127 3139 1194 3206 Per
1219 3141 1360 3207 eristum
1386 3142 1443 3207 do-

270 3247 396 3314 minum
421 3258 590 3316 nostrum.

777 3373 933 3440 Oramus

374 3498 535 3595 Respice
559 3505 698 3574 domine
722 3506 887 3573 famulum
916 3519 1011 3574 tuum
1037 3507 1078 3574 N.
1109 3507 1141 3573 in
1170 3507 1365 3575 infirmitate
1390 3508 1442 3574 sui

267 3622 429 3710 corporis
460 3623 676 3690 laborantem
707 3636 740 3689 et
772 3622 920 3689 animam
953 3623 1074 3690 refove
1107 3646 1209 3711 quam
1242 3625 1379 3691 creasti.
1405 3637 1442 3691 vt

268 3729 556 3817 castigationibus
590 3731 803 3798 emendatus
830 3731 991 3798 continuo
1024 3754 1063 3798 se
1094 3731 1224 3798 senciat
1254 3745 1312 3799 tua
1341 3732 1442 3798 medi-

270 3836 345 3904 cina
370 3849 539 3905 sanatum.
587 3838 655 3905 Per
680 3836 845 3906 Cristum.

269 4065 321 4120 aus
342 4069 408 4122 dem
436 4069 537 4124 Lande
564 4070 616 4123 der
642 4067 887 4138 Herredstogeds
907 4067 953 4121 ein
981 4068 1050 4122 dem
1076 4068 1282 4138 prcussischen
1308 4068 1442 4122 Landrat

269 4156 417 4211 alinlicher
436 4158 589 4226 Beamter‚
616 4174 670 4211 nur
689 4157 726 4211 ist
752 4157 816 4211 sein
836 4157 939 4211 Bezirk
964 4156 1084 4212 kleiner.
1123 4157 1186 4211 Das
1207 4156 1441 4228 Civileliegesetz

269 4245 307 4300 ist
327 4264 397 4301 vom
419 4265 460 4317 13.
480 4247 564 4317 April
586 4247 662 4317 1851.

377 4337 395 4404 ¹)
416 4337 506 4392 Diese
522 4335 651 4390 visitatio
667 4335 771 4391 infirm.
788 4335 894 4389 vveicht
910 4334 1038 4389 vielfach
1057 4353 1117 4390 von
1138 4336 1191 4388 der
1210 4336 1263 4389 des
1279 4335 1334 4393 Rit.
1351 4336 1438 4392 Rom.

268 4442 295 4496 p,
312 4443 362 4496 107
378 4444 420 4496 sq.
437 4427 484 4480 ab.
513 4426 598 4480 Auch
613 4425 740 4496 Agenda
755 4424 842 4479 Mind.
858 4424 895 4479 ist
909 4425 973 4478 hier
988 4425 1106 4480 anders
1136 4425 1338 4479 Letzterehat
1357 4426 1442 4481 einen

268 4516 391 4588 eigenen
411 4516 498 4570 Ritus
518 4515 546 4569 in
567 4533 652 4569 sacra
673 4515 811 4569 unctione
831 4515 1018 4569 sacerdotum
1040 4515 1085 4568 sol.
1106 4514 1224 4570 XXVll.

1229 4605 1260 4676 4*
