3570 5402
784 480 826 547 31

743 637 874 705 Gratti).

325 764 423 830 Deus
457 763 514 850 qui
546 763 678 829 facture
708 775 769 829 tuo
794 762 850 850 pio
876 785 1015 849 semper
1045 763 1233 830 dominaris
1258 764 1395 831 affectu.

219 871 345 939 inclina
380 893 500 937 aurem
534 882 628 937 tuam
663 869 971 957 supplicationibus
1005 871 1134 937 nostris
1168 883 1201 938 et
1231 871 1394 942 famulum

219 993 316 1046 tuum
342 978 382 1045 N.
412 1002 454 1044 ex
484 978 593 1044 adusa
623 977 819 1044 valetudine
852 977 1011 1066 corporis
1041 978 1254 1073 laborantem
1285 979 1395 1067 placa·

222 1100 277 1154 tus
303 1085 462 1172 accipias,
496 1098 529 1152 et
561 1084 663 1152 visita
695 1084 728 1152 in
760 1084 902 1152 salutari
935 1097 1004 1153 tuo,
1038 1108 1077 1152 ac
1108 1085 1244 1153 celestis
1275 1087 1396 1173 gracie

222 1203 340 1281 presta
366 1192 581 1260 medicinam.
607 1215 639 1280 p.
686 1241 689 1248 ·

325 1318 412 1399 Ant.
461 1326 633 1394 Dominus
673 1327 809 1394 locutus
848 1338 900 1394 est
936 1325 1112 1414 discipulis
1153 1327 1224 1394 suis
1265 1328 1395 1397 dicens,

219 1444 255 1511 ln
275 1444 413 1511 nomine
435 1466 513 1510 meo
535 1443 695 1510 demonia
715 1443 826 1532 eijcite
851 1457 884 1510 et
908 1466 1014 1531 super
1039 1466 1147 1530 egros
1173 1467 1295 1512 manus
1321 1467 1397 1512 ves-

220 1564 292 1618 tras
316 1551 484 1639 imponite
509 1563 543 1618 et
567 1552 655 1618 bene
682 1551 867 1620 habebunt.

327 1659 504 1736 Psalmus.
552 1667 702 1734 Domine
726 1691 770 1735 ne
795 1667 827 1735 in
852 1668 868 1734 f
890 1720 895 1732 .

746 1910 876 1978 Oratti).

329 2055 431 2131 Deus
467 2063 523 2150 qui
560 2063 712 2129 humano
747 2063 870 2150 generi
906 2077 939 2131 et
975 2064 1095 2132 salutis
1137 2065 1327 2132 remedium
1364 2080 1397 2132 et

224 2178 293 2244 vite
323 2191 441 2246 eterne
471 2203 615 2247 munera
641 2181 814 2248 contulisti
844 2204 1016 2249 conserva
1046 2182 1174 2249 famulo
1199 2194 1258 2249 tuo
1283 2181 1325 2250 N.
1350 2196 1398 2248 tu·

221 2309 319 2353 arum
354 2288 445 2354 dona
480 2287 645 2354 virtutum
681 2301 714 2355 et
746 2290 913 2356 concede:
946 2301 982 2355 vt
1012 2290 1180 2356 medelam
1211 2302 1304 2356 tuam
1329 2312 1398 2356 non

220 2394 333 2461 solum
359 2394 392 2460 in
418 2417 569 2482 corpore
594 2394 822 2462 verumetiam
848 2395 880 2463 in
906 2396 1019 2463 anima
1043 2397 1177 2464 sentiat.
1225 2397 1262 2464 P.

327 2521 524 2618 Antiphon.
574 2527 647 2598 Cor
681 2531 867 2598 contritum
902 2543 934 2598 et
968 2530 1181 2598 humiliatum
1211 2532 1296 2598 deus
1329 2554 1396 2598 non

222 2645 402 2733 despicies.

748 2864 878 2930 Oratio.

330 3005 512 3082 Virtutum
539 3014 716 3082 celestium
743 3016 839 3083 deus.
865 3015 921 3102 qui
946 3017 989 3083 ab
1009 3015 1169 3082 humanis
1190 3016 1399 3104 corporibus

222 3153 358 3197 omnem
393 3131 602 3218 languorum
638 3145 671 3198 et
711 3155 847 3199 omnem
884 3131 1127 3200 infirmitatem.
1163 3132 1317 3221 precepti
1352 3132 1400 3199 tui

220 3249 395 3325 potestate
419 3239 572 3327 depellis
598 3240 720 3307 adesto
745 3239 923 3329 propicius
953 3239 1032 3306 huic
1057 3239 1185 3307 famulo
1211 3251 1270 3307 tuo
1295 3240 1337 3308 N.
1363 3253 1400 3307 vt

221 3345 354 3432 fugatis
386 3345 653 3414 infirmitatibus.
680 3359 713 3413 et
745 3346 879 3414 viribus
904 3347 1064 3434 receptis
1091 3371 1215 3414 nomen
1241 3360 1399 3415 sanctum

220 3464 328 3519 tuum.
354 3452 544 3520 instaurata
570 3454 730 3542 protinus
754 3454 917 3522 sanitate:
942 3454 1133 3523 benedicat.
1181 3454 1218 3522 P.

328 3579 478 3674 Antiph.
538 3587 682 3657 Saluum
724 3589 776 3657 sac
818 3612 960 3657 seruum
997 3602 1093 3656 tuum
1133 3589 1271 3657 domine
1314 3591 1400 3656 deus

221 3727 320 3771 meus
354 3718 553 3793 sperantem
588 3706 621 3773 in
653 3720 696 3776 te.
732 3707 867 3774 custodi
897 3706 1045 3774 animam
1076 3706 1150 3773 eius
1180 3705 1341 3794 quoniam
1367 3704 1399 3771 in

222 3824 256 3877 te
280 3813 447 3899 speravit.

746 4031 877 4099 Oratio

330 4172 566 4270 Omnipotens
591 4184 802 4272 sempiterne
826 4185 927 4251 deus:
952 4183 1009 4271 qui
1035 4183 1250 4270 egritudines
1274 4181 1400 4249 anima-

221 4320 299 4363 rum
325 4299 469 4387 depellis
489 4312 523 4366 et
543 4323 746 4389 corporum:
772 4300 888 4388 auxilij
909 4300 957 4367 tui
978 4323 1083 4388 super
1104 4299 1275 4366 infirmum
1297 4299 1399 4365 istum

222 4408 368 4475 ostende
403 4408 577 4476 virtutem.
625 4408 672 4476 Ut
706 4431 772 4496 ope
807 4407 1043 4475 misericordie
1075 4419 1134 4473 tuo
1168 4405 1322 4473 adiutus:
1356 4406 1400 4472 ad

223 4518 339 4585 omnia
364 4517 502 4605 pietatis
527 4529 585 4583 tue
611 4516 725 4583 officia
750 4529 944 4605 reparetur.
992 4515 1029 4583 P.
