3534 5392
811 485 856 552 59

245 641 494 714 commixtione
519 643 692 731 refulgeat
715 642 778 709 sed
802 641 861 725 [et]
885 663 1093 729 quocunque
1121 639 1200 710 loco
1224 639 1353 728 aliquid
1376 662 1420 707 ex

245 750 348 819 huius
372 749 652 818 sanctificationis
672 749 774 816 fuerit
801 748 992 816 ministerio
1017 748 1249 836 deportatum.
1274 748 1419 835 expulsa

248 857 418 925 diabolice
434 857 565 925 fraudis
578 856 745 944 nequicia.
759 856 870 924 virtus
883 868 941 924 tue
960 855 1150 924 maiestatis
1167 853 1317 923 assistat.
1350 852 1419 921 Per

355 1107 559 1197 Inuent0r1)
584 1115 677 1183 rutili
701 1117 771 1182 dux
795 1117 886 1183 bone
910 1115 1046 1183 luminis

354 1231 411 1320 qui
436 1231 541 1299 certis
565 1231 701 1300 vicibus
726 1244 886 1319 tempora
910 1231 1034 1300 diuidis

353 1362 470 1407 merso
496 1340 580 1408 sole.
606 1341 714 1407 chaos
739 1339 869 1428 ingruit
892 1340 1072 1408 horridum

352 1447 467 1514 lumen
492 1447 600 1514 redde
624 1447 690 1515 tuis
716 1446 855 1516 Christe
879 1447 1048 1516 fidelibus

355 1679 530 1782 Quamvis
554 1687 734 1754 innumero
757 1688 887 1775 sydere
911 1688 1010 1774 regia
1023 1692 1046 1771 2)

353 1803 533 1891 lunarique
557 1804 674 1892 polum
699 1804 859 1892 lampade
882 1803 1045 1893 pinxeris.

354 1909 531 1978 incussum
556 1910 671 1978 silicis
697 1911 824 1979 lumina
848 1935 913 1980 nos
938 1924 1053 1980 tamen

355 2030 530 2086 monstras
555 2018 725 2105 saxigeno
750 2019 882 2086 semine
906 2042 1063 2107 querere.

354 2249 413 2327 Ne
438 2259 587 2326 nesciret
611 2259 718 2327 homo
742 2283 840 2349 spem
866 2260 930 2328 sibi
954 2260 1091 2328 luminis

353 2374 385 2441 in
411 2375 504 2443 cristi
529 2376 641 2443 solido
667 2399 817 2465 corpore
841 2377 1017 2445 conditum

353 2481 411 2569 qui
434 2482 499 2550 dici
522 2484 680 2552 stabilem
706 2507 745 2552 se
768 2484 878 2552 voluit
901 2497 1036 2573 petram

352 2590 481 2658 nostris
505 2591 664 2677 igniculis
688 2593 779 2660 vnde
803 2615 916 2681 genus
940 2593 1044 2661 venit.

358 2821 395 2901 0
421 2854 478 2899 res
503 2832 610 2919 digna
634 2835 720 2901 deus
745 2857 847 2921 quam
872 2835 931 2902 tibi
957 2834 1131 2917 roscide³l

353 2947 464 3015 noctis
489 2948 657 3038 principio
682 2972 772 3037 grex
796 2963 875 3019 tuus
900 2951 1024 3020 offerat

354 3054 464 3122 lucem
486 3079 588 3144 quam
614 3056 747 3126 tribuis.
772 3057 817 3125 nil
842 3059 1035 3146 preciosius

354 3162 442 3231 luce.
468 3186 536 3250 qua
561 3163 692 3251 reliqua
716 3165 849 3253 premia
874 3165 1057 3235 cernimus

353 3392 415 3473 Tu
440 3404 499 3470 lux
523 3427 608 3472 vera
633 3404 752 3473 oculis.
778 3405 836 3472 lux
860 3428 999 3494 quoque
1023 3406 1182 3475 sensibus

353 3520 444 3588 intus
469 3533 505 3587 tu
530 3522 720 3610 speculum.
745 3534 781 3589 tu
805 3522 983 3610 speculum
1008 3523 1104 3592 foris,

357 3627 471 3695 lumen
496 3630 589 3715 quod
615 3628 784 3697 famulans
808 3628 930 3697 offero
956 3630 1094 3718 suscipe

355 3733 499 3802 tinctum
524 3735 657 3820 pacifici
682 3736 854 3804 crismatis
880 3737 1043 3823 vnguine.
1058 3739 1082 3818 ⁴)

248 3931 460 3940 ———

355 4056 374 4122 ¹)
395 4055 502 4111 Dieser
522 4057 658 4128 Hymnus
683 4056 753 4111 fehlt
777 4056 816 4110 im
837 4055 956 4110 Missale
976 4056 1077 4124 Rom.,·
1102 4074 1135 4111 er
1159 4057 1256 4111 istim
1277 4056 1420 4126 asklepia·

248 4144 386 4199 daischen
401 4145 562 4201 Versmass
577 4145 782 4218 geschrieben;
802 4145 840 4200 im
857 4145 996 4200 Manuale
1015 4145 1079 4199 sind
1099 4146 1145 4200 die
1160 4144 1310 4216 Strophen
1329 4146 1420 4199 durch
1482 4153 1484 4160 “

246 4241 313 4287 rote
331 4233 470 4289 hutialien
490 4235 669 4294 bezeichnet.

355 4323 374 4392 2)
395 4324 478 4395 regia
496 4325 611 4395 lampas
630 4352 656 4369 =
675 4327 726 4381 sol.

354 4412 373 4480 ⁸)
394 4414 510 4468 roscide
529 4415 622 4469 noctis
640 4442 666 4458 =
685 4415 835 4470 taureiche
854 4415 955 4471 Nacht.

353 4503 374 4572 ⁴)
396 4519 515 4573 unguen
535 4521 594 4558 von
614 4520 732 4575 ungere.
