3534 5392
900 523 944 590 24

845 680 1001 750 Oramus.

442 808 597 890 Domine
631 830 750 884 sancte
784 829 883 904 pater
916 816 1137 906 omnipotens
1178 830 1297 886 eterne
1330 817 1416 886 deus
1450 817 1508 906 qui

336 935 560 1023 fragilitatem
586 946 706 1000 nostre
737 933 961 1002 condicionis.
987 932 1098 1002 infusa
1131 933 1270 1003 virtutis
1301 947 1358 1003 tue
1391 935 1509 1022 digna-

337 1044 430 1111 tione
455 1041 650 1110 confirmas.
677 1053 713 1108 vt
746 1040 956 1109 salutaribus
990 1041 1152 1109 remediis
1182 1041 1318 1130 pietatis
1343 1055 1410 1110 tue.
1436 1065 1509 1110 cor·

337 1174 425 1240 pora
449 1162 569 1218 nostra
594 1160 627 1216 et
657 1149 813 1216 membra
841 1161 1059 1236 vegetentur.
1094 1171 1200 1238 super
1229 1150 1319 1217 hunc
1343 1149 1507 1217 famulum

336 1272 433 1327 tuum
458 1258 500 1326 N.
520 1255 735 1346 propiciatus
759 1255 906 1324 intende.
932 1269 969 1324 vt
999 1256 1091 1324 omni
1111 1256 1317 1325 necessitate
1337 1279 1509 1345 corporee

337 1364 543 1434 infirmitatis
577 1364 727 1432 exclusa.
767 1363 882 1450 gratia
922 1363 954 1431 in
986 1387 1028 1431 eo
1057 1363 1201 1451 pristine
1239 1364 1396 1433 sanitatis
1434 1387 1508 1454 per-

337 1473 427 1542 fecte
452 1485 642 1562 reparetur.
690 1469 758 1538 Per
784 1468 973 1538 Christum.

338 1653 465 1720 Postea
489 1651 610 1718 audral
627 1649 870 1736 consessionem
893 1673 993 1716 suam
1012 1651 1173 1717 sacerdos
1196 1661 1228 1718 et
1245 1650 1402 1718 absoluat
1423 1673 1508 1718 euru.

445 1777 662 1855 Misereatur
692 1783 739 1852 tui
770 1782 988 1872 omnipotens
1021 1783 1108 1852 deus
1141 1797 1204 1852 etc.
1251 1785 1508 1873 indulgenciam

337 1905 368 1972 u
399 1901 652 1971 absolutionem
677 1913 739 1969 etc.
786 1900 843 1968 Ab
874 1900 950 1968 istis
979 1900 1132 1988 peccatis
1162 1900 1239 1968 tuis.
1268 1901 1508 1989 negligentiis.

337 2007 690 2097 transgressionibus.
716 2007 973 2076 omissionibus.
999 2020 1033 2075 et
1061 2031 1081 2075 a
1110 2006 1248 2076 vinculo
1278 2008 1509 2077 excommuni-

337 2115 491 2184 cationis.
517 2115 545 2183 si
570 2137 656 2204 quas
680 2114 864 2184 incurristi.
889 2116 1048 2183 absoluat
1067 2127 1101 2182 te
1125 2114 1242 2183 ihesus
1267 2114 1393 2184 cristus
1417 2116 1508 2184 filius

340 2223 395 2291 dei
425 2223 504 2292 viui.
534 2235 568 2290 et
599 2244 669 2309 ego
700 2235 735 2290 te
765 2223 910 2290 absoluo
935 2245 955 2290 a
979 2222 1117 2289 vinculo
1141 2223 1509 2292 excommunicationis

340 2331 547 2400 auctoritate
578 2353 645 2419 qua
678 2329 816 2415 fungor.
864 2329 900 2397 ln
929 2328 1067 2396 nomine
1097 2329 1206 2417 patris
1238 2343 1271 2398 et
1302 2330 1360 2397 filii
1385 2344 1419 2399 et
1443 2331 1508 2420 spi·

339 2439 425 2507 ritus
450 2437 570 2507 sancti.
595 2460 706 2506 amen.
722 2441 743 2518 ¹)

786 2597 859 2664 Pro
882 2598 1059 2666 homicida.

443 2724 595 2803 Praesta
627 2754 837 2820 quaesumus
869 2731 1006 2799 domine
1025 2731 1103 2799 huic
1124 2732 1252 2799 famulo
1277 2744 1338 2800 tuo
1362 2733 1506 2821 dignum

337 2849 524 2937 penitentie
548 2849 707 2916 fructum.
733 2860 770 2915 vt
795 2847 940 2916 ecclesie
966 2861 1024 2916 tue
1048 2863 1177 2916 sancte.
1202 2872 1222 2915 a
1247 2847 1344 2916 cuius
1368 2849 1508 2936 integri·

337 2970 407 3025 tate
428 2955 628 3024 deuiauerat
649 2956 826 3045 peccando
845 2955 1077 3023 admissorum
1096 2954 1232 3024 veniam
1253 2958 1507 3045 consequendo.

337 3065 503 3132 reddatur
528 3063 688 3132 innoxius
713 3085 775 3152 per
800 3063 977 3131 christum.

443 3208 569 3276 Postea
603 3209 791 3298 raterrogat
822 3229 897 3275 eum
934 3207 976 3274 da
1012 3207 1081 3288 fiale
1117 3207 1278 3275 catholica
1312 3205 1436 3276 Credis
1475 3208 1507 3276 in

337 3317 438 3384 deum
464 3328 599 3403 patrem
624 3315 905 3404 omnipotentem.

616 3494 743 3562 Postea
766 3496 984 3562 communicet
1005 3517 1080 3561 eum
1104 3493 1227 3561 dicens.

443 3619 587 3718 Corpus
612 3627 742 3697 domini
766 3629 875 3696 nostri
902 3628 998 3714 jhesu
1024 3626 1153 3697 Christi
1182 3628 1355 3696 custodiat
1379 3650 1508 3718 corpus

336 3761 370 3815 et
394 3746 543 3814 animam
568 3757 660 3812 tuam
686 3745 719 3814 in
743 3745 850 3814 vitam
875 3759 1051 3814 aeternam
1077 3745 1200 3816 Amen.

844 3905 1000 3974 Oramus

444 4031 594 4100 Domine
627 4045 747 4100 sancte
780 4045 879 4121 pater
913 4032 1134 4119 omnipotens
1167 4044 1286 4100 eterne
1319 4030 1415 4099 deus.
1450 4030 1507 4119 qui

337 4138 587 4208 benedictionis
622 4153 679 4208 tue
718 4139 867 4226 gratiam
906 4139 1005 4227 egris
1043 4139 1253 4207 infundendo
1291 4137 1507 4226 corporibus

337 4247 503 4316 facturam
538 4259 632 4316 tuam
667 4247 844 4337 multiplici
878 4246 1007 4336 pietate
1035 4247 1224 4336 gubernas
1249 4247 1292 4314 ad
1322 4245 1508 4314 inuocatio-

360 4412 386 4418 --
400 4411 548 4420 η...-

444 4479 463 4548 ³)
485 4480 573 4536 Diese
598 4476 893 4534 Absolutionslormel
919 4476 957 4532 ist
982 4476 1158 4546 vollstandig
1185 4476 1292 4530 anders
1317 4474 1362 4528 als
1385 4475 1431 4530 dic
1454 4476 1508 4530 des

337 4569 393 4624 Rit.
414 4569 499 4624 Rom.
520 4587 548 4642 p.
567 4584 610 4638 57.
631 4585 674 4638 sq.
714 4567 820 4638 Eigeos
840 4567 877 4621 ist
895 4567 951 4620 das
971 4567 1064 4622 Gcbet
1084 4583 1137 4636 pro
1158 4565 1310 4620 homicida.
