3534 5392
934 454 978 539 64

369 630 585 718 glorificatur
617 631 686 716 Qui
716 631 851 698 locutus
883 642 935 698 est
965 653 1027 718 per
1059 630 1261 718 prophetas
1309 630 1352 697 Et
1380 630 1414 696 in
1439 651 1562 697 vnarn

369 750 525 806 sanctam
562 738 767 806 catholicam
804 751 837 806 et
877 737 1106 826 apostolicam
1142 736 1325 805 ecclesiam
1362 735 1564 805 Confiteor

369 867 472 913 vnam
505 845 677 934 baptisma
711 845 744 912 in
775 845 1014 913 remissionem
1046 857 1280 933 peccatorum,
1328 843 1371 911 Et
1394 857 1562 932 expecto

369 953 662 1020 resurrectionem
682 964 910 1019 mortuorum.
946 951 987 1018 Et
1006 951 1113 1018 vitam
1131 948 1269 1018 venturi
1287 951 1396 1019 seculi
1416 951 1557 1018 Amen.

758 1377 950 1518 Caput
985 1379 1159 1484 XIII.

369 1627 625 1710 Benedictio
665 1653 780 1728 aque
815 1631 861 1709 in
896 1631 1114 1709 honorem
1148 1631 1296 1710 sancti
1330 1631 1553 1710 Anthonii

439 1752 580 1833 Blasii
608 1755 682 1833 vel
711 1755 897 1834 alterius
926 1755 1104 1854 patroni
1132 1755 1442 1835 benedicende.
1458 1755 1484 1852 1)

371 1504 383 1539 1

476 1931 598 1999 Primo
628 1933 788 2020 completa
819 1935 990 1999 communi
1015 1933 1237 2000 benedz'cttone
1263 1957 1350 2021 aque
1373 1956 1437 2021 que
1460 1956 1547 1999 com-

370 2042 516 2106 munder
538 2042 572 2106 in
596 2041 773 2106 dommicz's
785 2041 835 2128 fit
856 2063 962 2126 usque
986 2037 1214 2128 aspersionem
1238 2041 1405 2107 exclust'ue
1427 2039 1546 2128 Sequi·

370 2155 427 2213 tur
449 2146 686 2235 Anttlphona).

477 2288 632 2356 Anthoni
664 2301 786 2378 pastor
821 2289 934 2358 inclite
966 2290 1022 2378 qui
1054 2290 1229 2358 cruciatos
1261 2289 1375 2356 reficis
1402 2291 1546 2358 morbos

370 2420 473 2465 sanas
507 2410 541 2464 et
574 2397 726 2465 destruis
759 2397 850 2484 ignis
889 2397 1024 2465 calores
1058 2396 1244 2483 extinguis.
1278 2396 1333 2483 pie
1367 2409 1466 2484 pater
1503 2397 1547 2463 ad

370 2503 546 2571 dominum
571 2526 634 2570 ora
658 2526 723 2590 pro
749 2505 848 2571 nobis
873 2504 1019 2571 miseris.

477 2609 551 2678 Ora
577 2634 641 2699 pro
666 2612 766 2679 nobis
791 2614 891 2679 beate
916 2611 1066 2678 anthoni.

478 2718 523 2784 Vt
548 2717 643 2804 digni
668 2718 868 2786 efficiamur.
895 2728 951 2786 etc.

477 2825 579 2902 Deus
612 2834 670 2922 qui
701 2835 863 2903 concedis
893 2837 1036 2938 obtentu
1072 2835 1163 2902 beati
1192 2835 1345 2923 anthonij
1370 2834 1548 2903 consesso-

370 2950 418 3018 ris
442 2951 491 3018 tui
514 2951 713 3019 morbidum
738 2952 855 3038 ignem
879 2952 1034 3040 extingui
1059 2965 1093 3019 et
1114 2953 1352 3018 membrorum
1377 2973 1548 3038 egrorum

370 3057 553 3144 refrigeria
584 3057 748 3146 prestari:
783 3059 836 3128 lac
871 3082 935 3127 nos
969 3081 1180 3148 quaesumus
1214 3058 1324 3146 ipsius
1356 3057 1487 3125 meritis
1512 3071 1548 3125 et

370 3165 534 3253 precibus
559 3189 578 3232 a
603 3166 764 3252 gehenne
789 3166 881 3254 ignis
906 3167 1072 3255 incendijs
1096 3167 1274 3234 liberatos.
1300 3165 1459 3253 integros
1484 3164 1547 3232 tibi

370 3285 486 3338 mente
509 3283 543 3338 et
567 3294 718 3360 corpore
743 3273 775 3341 in
800 3274 915 3359 gloria
939 3274 1087 3362 puntari.
1103 3278 1126 3356 ²)
1174 3273 1209 3340 Ρ.
1235 3272 1388 3340 eristum.

895 3453 1026 3521 Oratio.

479 3575 716 3674 Omnipotens
741 3587 951 3675 sempiterne
975 3589 1078 3655 deus:
1104 3587 1161 3675 qui
1187 3610 1229 3654 ex
1250 3609 1339 3675 aqua
1364 3598 1398 3653 et
1422 3585 1546 3675 spiritu

370 3716 491 3770 sancto
517 3725 667 3771 renouas
692 3727 829 3772 omnem
854 3705 1029 3772 hominem
1060 3703 1255 3771 venientem
1281 3703 1312 3771 in
1338 3703 1428 3771 hunc
1454 3725 1547 3770 mun·

370 3809 450 3876 dum
476 3808 533 3876 Tu
557 3832 619 3897 per
645 3811 807 3878 virtutem
832 3825 952 3879 sancte
976 3812 1089 3879 crucis
1121 3823 1154 3877 et
1184 3834 1247 3898 per
1278 3811 1400 3878 merita
1424 3809 1549 3878 beatis·

370 3915 457 3983 sime
484 3917 592 3984 marie
618 3918 764 4005 virginis
793 3932 826 3985 et
850 3942 914 4007 per
946 3917 1230 3986 intercessionem
1256 3917 1346 3986 beati
1372 3917 1549 3984 confesso-

483 4081 582 4088 -.--.

479 4150 496 4210 ¹l
517 4148 631 4202 Weder
650 4147 691 4202 im
710 4149 767 4203 Rit.
784 4149 869 4202 Rom.
885 4148 961 4202 noch
981 4147 1020 4201 lm
1037 4146 1197 4217 Appendix
1217 4147 1254 4200 ad
1271 4146 1328 4200 Rit.
1345 4146 1433 4202 Rom.
1454 4147 1549 4200 findet

369 4237 430 4292 sich
451 4238 549 4292 dieses
569 4237 731 4292 Formular.
770 4238 897 4308 Agenda
917 4236 1004 4292 Mind.
1025 4237 1075 4290 hat
1094 4236 1229 4290 dasselbe
1249 4235 1411 4304 gleichsalls
1429 4236 1515 4291 nicht.

478 4327 497 4391 ²)
519 4326 583 4398 Vgl.
600 4327 646 4382 Du
663 4327 773 4396 Cange,
790 4326 976 4382 Glossarium
992 4325 1109 4380 mediae
1125 4334 1155 4378 et
1169 4325 1289 4379 infimae
1308 4325 1386 4379 latin.
1403 4324 1550 4380 Punctare

368 4415 462 4470 heisst
481 4433 514 4470 so
537 4417 593 4472 viel
613 4416 670 4472 wie
690 4418 746 4471 den
762 4417 858 4472 Punkt
877 4425 987 4484 setzen,
1006 4415 1099 4470 finire.
1134 4414 1179 4469 De
1199 4415 1361 4469 Imitatione
1377 4413 1484 4470 Christi
1504 4413 1548 4470 lib.

371 4503 416 4558 lll.
433 4521 497 4576 cap.
513 4522 549 4575 43
567 4506 659 4560 heisst
678 4523 725 4560 es:
745 4506 832 4560 elevo
848 4505 877 4559 in
891 4513 1000 4576 puncto
1017 4503 1225 4574 (Augenbliclr)
1246 4512 1377 4558 mentem
1398 4503 1549 4558 humilem.
