3534 5392
967 510 1012 577 50

787 737 978 878 Caput
1014 736 1184 844 VIII.

401 988 562 1066 Modus
593 988 649 1065 ad
678 987 983 1086 sepeliendum
1018 1010 1189 1086 parvos
1223 1011 1390 1086 pueros
1420 1011 1606 1067 secun·

479 1113 581 1190 dum
610 1098 978 1192 consuetudinem
1007 1112 1216 1191 Romane
1246 1113 1448 1192 ecclesie.
1466 1113 1500 1210 1)

511 1273 661 1358 Quando
677 1283 767 1361 puer
789 1282 839 1340 est
860 1275 894 1340 in
918 1274 1053 1340 ecclesia
1081 1274 1206 1362 legzi‘ur
1229 1273 1353 1362 antiph.
1401 1273 1467 1340 Hic
1497 1273 1604 1341 acci·

401 1379 470 1467 piet
495 1379 770 1447 benedictionem
800 1403 820 1447 a
845 1379 995 1447 domino.
1021 1392 1056 1447 et
1081 1379 1357 1448 misericordiam
1387 1403 1407 1446 a
1432 1381 1506 1448 deo
1538 1403 1602 1448 sa·

402 1486 503 1554 lutari
527 1510 601 1554 suo.
628 1487 707 1575 quia
731 1487 795 1554 hec
820 1499 872 1554 est
896 1486 1078 1574 generatio
1103 1486 1320 1574 querentium
1345 1486 1546 1555 dominum.

508 1629 671 1718 Sequitur
692 1628 754 1696 Ps.
801 1629 942 1697 Domini
967 1642 1020 1697 est
1045 1642 1149 1712 terra,
1175 1654 1241 1719 quo
1254 1632 1358 1720 finito

508 1755 764 1851 Kyrieleyson.
813 1754 954 1834 Cristel.
1002 1756 1142 1851 Kyriel.

509 1876 566 1947 Pr.
591 1902 642 1947 nr.
689 1879 733 1946 Et
756 1903 799 1947 ne
823 1903 897 1947 nos.

508 1985 565 2053 Me
589 1999 705 2054 autem
729 1999 873 2076 propter
897 1987 1128 2055 innocentiam
1152 1988 1338 2077 suscepisti

510 2091 554 2159 Et
578 2093 790 2162 confirmasti
816 2117 870 2161 me
894 2093 926 2160 in
952 2108 1141 2183 conspectu
1166 2106 1225 2162 tuo
1251 2095 1284 2163 in
1309 2107 1479 2163 eternum.

508 2200 680 2269 Dominus
705 2202 784 2270 vob.

926 2361 1055 2430 Oratio.

509 2484 739 2574 Omnipotens
760 2487 970 2575 sempiterne
983 2489 1067 2555 deus
1082 2502 1115 2555 et
1137 2487 1315 2556 mitissime
1336 2488 1391 2576 qui
1417 2488 1588 2556 omnibus

356 2595 358 2600 '
403 2591 557 2679 parvulis
591 2592 720 2660 renatis
754 2594 962 2682 baptismate
996 2596 1076 2661 dum
1112 2595 1263 2683 migrant
1294 2620 1316 2680 a
1350 2596 1468 2662 seculo
1501 2595 1586 2662 sine

402 2697 479 2765 vllis
516 2721 637 2765 eorum
674 2699 804 2767 meritis
830 2701 933 2768 vitam
970 2700 1059 2768 illico
1083 2702 1246 2788 largiaris
1285 2715 1451 2769 eternam.
1487 2700 1585 2769 sicut

402 2804 515 2872 anime
539 2805 641 2873 huius
666 2807 801 2894 parvuli
826 2808 999 2876 credimus
1020 2821 1053 2875 te
1073 2809 1198 2876 fecisse
1222 2808 1276 2876 fac
1296 2831 1361 2876 nos
1386 2831 1583 2896 quesumus

403 2911 541 2979 domine
565 2935 628 3001 per
648 2913 930 2982 intercessionem
952 2917 1052 2983 beate
1072 2916 1180 2983 marie
1200 2916 1348 3004 virginis
1368 2928 1402 2983 et
1422 2915 1581 2983 omnium

402 3031 603 3086 sanctorum
637 3032 776 3088 tuorum
809 3022 863 3089 hic
897 3023 1087 3111 purificatis
1118 3022 1178 3090 tibi
1211 3023 1384 3091 mentibus
1417 3022 1580 3090 famulari

403 3137 437 3191 et
460 3127 622 3213 paradiso
648 3129 759 3197 beatis
784 3129 937 3217 paruulis
961 3130 1184 3218 perhenniter
1208 3130 1346 3199 sociari.
1394 3129 1431 3197 P.
1459 3128 1555 3198 crist.

605 3307 698 3374 Dum
717 3318 879 3397 portatur
901 3309 951 3375 ad
971 3311 1137 3376 tumulum
1161 3310 1260 3375 dz'cot.
1308 3309 1369 3376 Ps.

509 3467 715 3546 Benedicite
739 3479 853 3546 omnia
878 3502 986 3568 opera
1010 3492 1044 3548 et

509 3591 671 3670 Laudate
695 3605 873 3672 dominum
897 3607 940 3673 de
964 3629 1012 3673 ce.
1039 3605 1160 3694 quibus
1179 3607 1288 3689 findis
1311 3607 1394 3673 Ant.
1429 3605 1578 3674 Iuvenes

402 3729 436 3783 et
459 3717 615 3804 virgines
640 3742 742 3788 senes
767 3743 845 3788 cum
866 3721 1061 3810 junioribus
1086 3722 1223 3789 laudate
1248 3722 1435 3790 dominum.

509 3826 650 3921 Kyriel.
698 3827 838 3907 Cristel.
885 3830 1027 3925 Kyriel.

508 3949 565 4018 Pr.
591 3974 641 4018 nr.
688 3952 732 4020 Et
756 3976 799 4021 ne
823 3977 897 4022 nos

513 4053 624 4125 Sinite
647 4061 813 4147 paruulos
838 4061 957 4129 venire
982 4063 1025 4129 ad
1051 4085 1114 4128 me.

511 4163 647 4232 Talium
672 4181 725 4234 est
749 4168 839 4236 enim
864 4191 1012 4256 regnum
1037 4169 1202 4238 celorum.

510 4270 680 4340 Dominus
705 4275 897 4344 vobiscum.
945 4275 987 4343 Et
1012 4299 1099 4344 cum.

513 4541 529 4603 't
552 4541 656 4595 Dieser
677 4542 779 4596 Modus
798 4543 867 4598 fehlt
887 4543 915 4598 in
936 4544 989 4598 der
1009 4545 1138 4614 Agenda
1157 4543 1243 4599 Mind.
