3534 5392
792 504 834 571 35

668 660 755 729 Post
777 663 956 727 ortationes,

332 774 374 850 In
399 779 538 848 nomine
557 777 668 867 patris
688 790 722 844 et
746 776 803 864 filij
824 781 859 844 'et
883 776 1025 864 spiritus
1050 774 1159 842 sancti
1185 774 1229 841 sit
1253 773 1313 841 tibi
1338 775 1402 841 hec

225 899 293 966 olei
326 898 442 965 vnctio
473 897 516 963 ad
551 893 825 983 purificationem
851 892 985 959 ,mentis
1019 905 1052 959 et
1086 890 1257 980 corporis.
1292 904 1325 958 et
1360 892 1403 958 ad

227 1006 398 1074 munimen
423 1016 457 1071 et
482 1001 730 1070 defensionem.
761 1013 883 1067 contra
909 999 1024 1088 jacula
1057 999 1311 1066 immundorum
1338 999 1403 1087 spi-

227 1115 363 1181 rituum.
411 1110 479 1178 Per
504 1111 596 1177 dom.

755 1287 886 1355 Oratio.

331 1418 487 1495 Domine
522 1425 609 1492 deus
643 1423 798 1491 salvator
833 1422 949 1490 mundi
982 1421 1040 1510 qui
1072 1445 1110 1490 es
1137 1446 1222 1490 vera
1252 1423 1346 1491 salus
1370 1436 1404 1490 et

229 1543 406 1612 medicina.
432 1554 467 1608 et
491 1564 511 1608 a
535 1564 604 1628 quo
630 1540 742 1607 omnis
767 1539 897 1607 sanitas
927 1552 961 1606 et
986 1562 1089 1606 omne
1113 1540 1403 1607 medicamentum

226 1650 398 1740 prouenit.
424 1648 551 1737 quique
575 1647 725 1736 apostoli
753 1647 800 1714 tui
827 1647 937 1714 iacobi
963 1648 1172 1714 documento
1198 1670 1262 1713 nos
1282 1646 1405 1715 instru-

229 1759 319 1826 xisti.
362 1770 399 1824 vt
440 1757 645 1842 languentes
686 1754 752 1822 olei
793 1754 943 1842 liquore:
984 1766 1127 1821 orantes
1167 1767 1405 1840 tangeremus.

229 1864 380 1954 Respice
411 1863 588 1952 propicius
624 1885 730 1949 super
764 1863 854 1929 hunc
892 1861 1057 1929 famulum
1087 1874 1198 1946 tuum.
1233 1875 1269 1929 vt
1301 1885 1405 1951 quem

230 1973 380 2059 languor
410 1970 540 2038 cruciat
572 1971 615 2037 ad
645 1970 783 2037 exitum.
814 1982 847 2037 et
877 1969 1000 2036 virium
1032 1968 1198 2038 delectus
1228 1969 1332 2038 trahit
1362 1971 1405 2036 ad

231 2102 393 2147 occasum
435 2079 569 2145 medela
606 2089 664 2143 tue
700 2077 814 2164 gratie
850 2077 1009 2143 restituat
1045 2078 1088 2144 ad
1124 2078 1281 2144 salutem.
1338 2077 1406 2145 Per

232 2186 325 2254 crist.
351 2187 442 2253 dom.

757 2360 888 2429 Oratio.

338 2488 432 2559 Sana
464 2512 603 2577 quoque
634 2490 720 2555 deus
750 2487 901 2555 omnium
936 2487 1136 2556 medicator.
1162 2487 1308 2557 febrium
1333 2490 1407 2558 eius

231 2611 265 2665 et
290 2609 492 2664 cunctorum
517 2597 726 2682 languorum
752 2595 936 2663 cruciatus,
962 2596 1267 2696 egritudinumque
1291 2611 1325 2665 et
1350 2598 1407 2665 do·

234 2705 346 2772 lorum
380 2705 532 2772 omnium
567 2704 718 2771 dissolue
752 2715 935 2770 tormenta.
971 2703 1144 2771 viscerum
1179 2727 1219 2772 ac
1251 2706 1406 2773 cordium

233 2811 366 2879 interna
392 2811 525 2878 medica
550 2811 778 2878 medullarum
809 2833 949 2899 quoque
983 2823 1016 2878 et
1046 2811 1299 2898 cogitationum
1323 2836 1408 2880 sana

233 2918 441 2986 discrimina.
485 2919 651 2986 vlcerum.
695 2918 972 3006 varietatumque
1016 2919 1217 3007 putredines
1265 2943 1408 2989 evacua.

233 3025 523 3094 conscientiarum
542 3038 646 3113 atque
666 3025 849 3115 plagarum
870 3025 1031 3092 abducito
1052 3025 1243 3095 cicatrices.
1269 3040 1408 3095 veteres

233 3146 267 3200 et
292 3133 479 3201 immensas
504 3156 647 3201 remoue
671 3132 863 3222 passiones.
890 3132 1003 3200 carnis
1034 3155 1075 3200 ac
1099 3134 1279 3222 sanguinis
1306 3148 1408 3203 mate·

233 3240 321 3307 riam
363 3240 527 3310 reforma.
564 3240 840 3328 delictorumque
881 3252 1084 3308 cunctorum
1126 3241 1260 3309 veniam
1296 3243 1409 3310 tribue

234 3345 363 3435 Sicque
387 3347 480 3415 illum
512 3361 571 3416 tua
601 3347 713 3437 pietas
733 3347 865 3436 jugiter
897 3347 1080 3415 custodiat.
1106 3361 1142 3416 vt
1173 3372 1236 3416 nec
1267 3351 1310 3417 ad
1336 3374 1408 3418 cor-

234 3453 440 3542 ruptionem.
466 3454 650 3545 aliquando
680 3455 820 3524 sanitas,
845 3479 908 3523 nec
932 3456 975 3522 ad
1005 3455 1234 3543 perditionem
1259 3470 1293 3525 te
1317 3458 1409 3525 auxi-

235 3561 347 3630 liante.
372 3586 450 3630 eum
481 3565 649 3652 perducat
680 3563 871 3631 infirmitas.
919 3560 991 3631 Sed
1022 3563 1081 3630 fiat
1109 3563 1156 3631 illi
1185 3565 1248 3631 hec
1269 3564 1334 3632 olei
1358 3588 1409 3632 sa·

235 3669 321 3737 crati
345 3671 527 3758 perunctio
553 3671 675 3739 mortis
700 3683 734 3738 et
759 3671 870 3738 morbi
900 3683 1004 3760 atque
1033 3671 1212 3758 languoris
1237 3672 1410 3759 present-is

235 3777 404 3866 expulsio.
435 3791 468 3846 et
503 3778 655 3846 omnium
687 3791 912 3866 peccatorum
944 3791 1128 3867 peroptata
1153 3779 1323 3848 remissio,
1371 3779 1408 3848 P.

236 3883 328 3953 dom.
