3534 5392
780 481 823 548 37

214 654 295 709 tuos
337 640 573 708 resuscitatus.
609 638 724 726 gloria
767 636 949 705 manifesto
991 636 1291 724 contemplationis
1332 650 1390 704 tue

214 761 387 838 perpetuo
411 747 567 814 satietur.
614 745 651 813 P.
677 747 709 814 d.

323 872 396 955 An.
445 879 621 969 Suscipiat
652 892 686 948 te
719 880 845 948 cristus
874 879 932 967 qui
957 879 1097 946 vocauit
1118 892 1161 946 te.
1188 893 1221 947 et
1252 879 1284 947 in
1315 880 1391 948 sinu

220 999 353 1067 abrahe
377 998 492 1086 angeli
516 998 687 1064 deducant
711 1008 755 1064 te.

326 1107 388 1184 Ps.
435 1115 471 1182 ln
496 1113 599 1181 exitu.

744 1301 874 1368 Oratio.

328 1427 567 1523 Omnipotens
598 1435 808 1523 sempiterne
842 1436 943 1503 deus:
975 1435 1033 1523 qui
1067 1436 1218 1503 humano
1252 1435 1394 1524 corpori

220 1552 370 1620 animam
395 1551 439 1619 ad
463 1551 716 1619 similitudinem
744 1564 837 1619 tuam
857 1552 1027 1640 inspirare
1052 1552 1214 1638 dignatus
1239 1575 1287 1619 es.
1313 1553 1394 1618 dum

221 1672 256 1727 te
275 1659 419 1748 jubente
448 1659 561 1746 puluis
594 1659 626 1726 in
659 1659 837 1748 puluerem
870 1672 1076 1728 reuertetur.
1124 1659 1179 1726 Tu
1209 1659 1394 1746 imaginem

222 1781 319 1834 tuam
353 1789 429 1833 cum
461 1765 590 1834 sanctis
622 1779 654 1834 et
686 1766 805 1834 electis
836 1767 913 1833 tuis.
943 1766 1072 1834 eternis
1104 1766 1245 1833 sedibus
1277 1766 1397 1834 iubeas

225 1873 362 1940 sociari.
404 1895 550 1960 eamque
584 1874 627 1940 ad
661 1886 695 1941 te
728 1886 961 1941 reuertentem
996 1874 1040 1941 de
1073 1873 1196 1962 egypti
1230 1874 1397 1962 partibus

226 1981 351 2048 blande
384 1981 575 2068 leniterque
607 1981 787 2068 suscipias.
821 1993 855 2048 et
893 1982 1039 2068 angelos
1079 1993 1158 2048 tuos
1192 1991 1333 2048 sanctos
1367 1979 1398 2046 ei

229 2087 367 2155 obuiam
399 2087 514 2155 mittas
539 2088 700 2176 viamque
730 2088 775 2155 illi
801 2088 934 2157 iusticie
965 2088 1181 2156 demonstra:
1213 2100 1246 2154 et
1278 2099 1398 2176 portas

229 2194 341 2282 glorie
365 2207 423 2262 tue
446 2195 553 2283 aperi.
601 2194 744 2283 Repelle
768 2217 966 2283 quesumus,
992 2198 1035 2262 ab
1060 2217 1101 2262 ea
1133 2218 1253 2263 omnes
1278 2194 1399 2283 princi·

231 2324 294 2390 pes
318 2304 550 2371 tenebrarum.
583 2315 617 2370 et
641 2325 797 2390 agnosce
827 2303 1023 2391 depositum
1054 2302 1155 2369 fidele
1186 2303 1278 2390 quod
1303 2314 1399 2369 tuum

227 2422 291 2478 est.
339 2407 487 2498 Suscipe
512 2409 651 2477 domine
676 2423 871 2478 creaturam
900 2422 1006 2478 tuam.
1031 2433 1099 2476 non
1124 2432 1166 2476 ex
1192 2409 1257 2497 dijs
1282 2408 1400 2476 alienis

228 2529 391 2586 creatam.
417 2518 479 2584 sed
504 2540 547 2585 ex
571 2530 605 2584 te
630 2518 706 2585 solo
738 2518 804 2584 deo
829 2517 911 2585 viuo
936 2530 970 2584 et
994 2540 1091 2585 vero,
1141 2516 1231 2601 Quia
1256 2540 1323 2583 non
1348 2528 1402 2584 est

230 2624 317 2692 alius
344 2625 432 2691 deus
457 2637 575 2712 preter
604 2639 639 2692 te
668 2625 816 2694 domine.
841 2637 874 2693 et
899 2648 967 2691 non
997 2637 1050 2692 est
1078 2626 1268 2692 secundum
1294 2647 1401 2712 opera

230 2742 297 2800 tua.
346 2732 490 2821 Letifica
524 2732 790 2801 clementissime
825 2734 911 2799 deus
945 2733 1093 2800 animam
1127 2731 1244 2799 famuli
1277 2731 1334 2799 tui.
1369 2743 1403 2798 et

230 2838 380 2906 clarifica
411 2862 488 2906 eam
519 2839 553 2906 in
586 2839 800 2906 multitudine
831 2839 1066 2908 misericordie
1097 2852 1165 2907 tue.
1212 2839 1265 2906 Ne
1289 2838 1404 2905 memi-

229 2947 321 3014 neris
355 2969 544 3034 quesumus
577 2947 791 3035 iniquitatum
825 2947 899 3014 eius
933 2947 1161 3034 antiquarum.
1194 2958 1229 3013 et
1260 2945 1417 3013 ebrieta-

230 3066 311 3120 tum.
337 3076 423 3142 quas
448 3053 629 3122 suscitauit
653 3053 750 3121 furor
776 3054 855 3121 mali
875 3053 1048 3142 desiderij.
1095 3053 1189 3121 Licet
1213 3053 1303 3120 enim
1328 3075 1404 3142 pec-

232 3161 333 3228 cauit.
364 3173 479 3229 tamen
514 3173 549 3228 te
579 3184 647 3228 non
679 3161 830 3248 negauit.
877 3159 949 3229 Sed
981 3161 1084 3248 signo
1115 3160 1195 3227 fidei
1219 3159 1404 3247 insignitus

231 3281 266 3336 te
291 3268 348 3356 qui
373 3268 497 3336 omnia.
522 3282 556 3335 et
576 3291 653 3336 eum
675 3269 764 3336 inter
784 3269 899 3336 omnia
919 3267 1040 3335 fecisti.
1065 3267 1211 3335 fideliter
1235 3267 1404 3335 adorauit.

231 3375 300 3443 Per
326 3375 418 3443 crist.
445 3377 536 3444 dom.

339 3502 556 3599 Antiphona.
604 3510 744 3579 Chorus
783 3511 988 3598 angelorum
1028 3523 1062 3578 te
1100 3509 1264 3598 suscipiat
1302 3521 1335 3576 et
1373 3508 1405 3575 in

234 3627 312 3695 sinu
338 3628 471 3695 abrahe
496 3640 530 3694 te
555 3628 713 3696 collocet.
738 3640 775 3694 ut
806 3650 883 3694 cum
909 3628 1026 3694 lazaro
1058 3627 1231 3715 quondam
1252 3648 1407 3714 paupere

233 3746 431 3802 eternarum
458 3736 587 3803 babeas
612 3736 777 3823 requiem.

341 3841 398 3910 Ps.
446 3842 569 3911 Dilexi.

757 4040 887 4107 Oratrb.

341 4163 425 4240 Diri
453 4174 604 4241 vulneris
630 4175 784 4242 novitate
809 4174 959 4264 perculsi
988 4185 1022 4240 et
1052 4172 1311 4259 quodammodo
1336 4193 1410 4237 cor-

236 4288 338 4357 dibus
367 4289 522 4358 sauciati.
556 4289 827 4358 misericordiam
860 4303 952 4358 tuam
982 4289 1099 4357 mundi
1128 4289 1331 4375 redemptor
1354 4287 1410 4354 fle-

236 4395 361 4464 bilibus
386 4397 532 4464 vocibus
552 4396 777 4484 imploramus
797 4410 835 4464 vt
860 4397 930 4466 cari
950 4397 1059 4464 nostri
1079 4395 1227 4464 animam
1247 4395 1291 4462 ad
1316 4408 1408 4462 tuam

238 4503 465 4572 clementiam.
491 4504 548 4592 qui
579 4505 656 4573 fons
686 4504 824 4592 pietatis
849 4527 887 4572 es
916 4516 1159 4572 reuertentem.
1185 4503 1310 4570 blande
1334 4502 1411 4569 leni-

262 4608 284 4653 J.
300 4609 431 4662 Freison,
446 4609 558 4652 Manuale.
1198 4623 1215 4678 5
