3534 5392
937 478 981 565 38

372 671 495 746 terque
519 655 699 746 suscipias
747 656 791 723 Et
822 678 908 744 quas
942 655 997 722 illa
1029 679 1072 723 ex
1104 655 1233 722 carnali
1264 653 1550 721 commoracione

374 764 546 833 contraxit
577 764 730 831 maculas
760 775 797 830 tu
828 763 914 830 deus
945 762 1064 830 inolita
1092 761 1246 829 bonitate
1278 763 1465 830 clementer
1490 761 1550 828 de·

373 873 455 941 leas.
481 872 536 961 pie
569 871 752 959 indulgeas
787 869 952 939 obliuioni
977 870 1009 937 in
1044 882 1249 958 perpetuum
1283 868 1412 938 tradas.
1443 881 1550 956 atque

373 980 461 1047 hanc
490 979 627 1047 laudem
658 978 719 1045 tibi
750 1001 827 1044 cum
858 976 984 1044 ceteris
1016 976 1243 1044 reddituram:
1278 988 1313 1043 et
1343 976 1387 1043 ad
1417 998 1549 1063 corpus

374 1088 582 1175 quandoque
606 1106 840 1153 reuersurum.
869 1096 1069 1152 sanctorum
1100 1096 1239 1150 tuorum
1265 1083 1396 1151 cetibus
1421 1104 1550 1170 aggre-

373 1193 451 1282 gari
474 1192 655 1282 precipias,
703 1192 772 1278 Qui
797 1214 875 1259 cum
899 1204 1009 1280 patre.

481 1304 679 1384 R.‚Libera
704 1330 760 1375 me
784 1307 932 1376 domine.

481 1427 743 1522 Kyrieleyson.
792 1424 1071 1520 christeleyson.
1118 1423 1375 1520 Kyrieleyson.

481 1551 586 1619 Pater
610 1562 741 1618 noster.
787 1549 831 1616 Et
855 1572 897 1616 ne
921 1572 996 1618 nos

481 1657 651 1746 Requiem
676 1669 842 1724 eternam.

482 1766 609 1834 Anima
634 1765 707 1833 eius
732 1763 763 1831 in
790 1764 900 1831 bonis

483 1874 561 1941 Non
586 1873 694 1940 intres
717 1871 762 1939 in.

482 1983 516 2049 A
540 1993 642 2069 porta
666 1978 775 2047 inferi.

483 2087 600 2156 Credo
632 2086 677 2155 vi.

482 2195 725 2283 Requiescant.

483 2302 655 2371 Dominus
679 2299 872 2368 vobiscum.

900 2479 1029 2547 Oratio.

485 2606 631 2684 Partem
665 2614 766 2680 beate
799 2612 1065 2680 resurrectionis
1090 2613 1243 2680 obtineat
1263 2613 1439 2701 vitamque
1463 2626 1554 2681 eter-

377 2754 456 2800 nam
489 2732 620 2798 habere
651 2741 826 2796 mereatur
858 2728 889 2795 in
923 2729 1015 2796 celis,
1072 2728 1141 2795 Per
1171 2742 1205 2797 te
1235 2730 1369 2797 ihesum
1404 2729 1551 2820 eristum

377 2839 589 2907 salvatorem
614 2837 702 2923 Qui.

891 3013 1042 3082 Collecl'a.

484 3141 586 3221 Deus
611 3149 665 3217 cui
689 3148 754 3217 soli
780 3150 945 3237 competit
968 3148 1075 3216 vitam
1099 3160 1258 3236 prestare
1283 3161 1362 3236 post
1387 3160 1550 3217 mortem.

377 3279 497 3355 presta
521 3287 721 3355 quesumus,
769 3264 815 3332 Ut
843 3265 956 3332 anima
986 3264 1103 3332 famuli
1134 3264 1181 3331 tui
1205 3264 1247 3332 N.
1272 3263 1420 3332 terrenis
1445 3279 1551 3332 exuta

378 3373 560 3461 contagiis,
585 3385 643 3439 tue
667 3371 917 3461 redemptionis
941 3383 1041 3459 parte
1065 3370 1249 3440 muniatur.
1297 3371 1334 3440 P.

891 3531 1042 3600 Collecta.

485 3657 587 3737 Deus
612 3666 644 3733 in
670 3666 767 3734 cuius
792 3665 1039 3734 misericordia.
1087 3665 1254 3732 Fidelium
1286 3667 1372 3733 deus
1397 3665 1548 3733 omnium

379 3783 536 3851 conditor
569 3795 602 3850 et
641 3781 783 3850 Collecta
817 3781 965 3871 Suscipe
1003 3804 1193 3870 quesumus
1227 3781 1365 3848 domine
1400 3782 1548 3849 animam

378 3889 496 3958 famuli
520 3889 569 3958 tui
593 3890 635 3958 N.
660 3912 763 3977 quam
789 3891 832 3958 de
861 3888 1041 3977 ergastulo
1065 3888 1168 3956 huius
1192 3889 1297 3956 seculi
1322 3911 1452 3957 vocare
1476 3889 1550 3976 dig·

378 4010 479 4065 natus
504 4020 552 4066 es
577 3996 685 4064 libera
705 4020 782 4065 eam
803 3999 846 4065 de
865 3995 1079 4085 principibus
1097 3997 1318 4064 tenebrarum
1344 4009 1377 4063 et
1397 3997 1440 4064 de
1464 3996 1550 4063 locis

378 4126 557 4194 penarum.
581 4117 619 4173 vt
643 4105 802 4172 absoluta
826 4103 919 4172 omni
944 4101 1081 4170 vinculo
1102 4116 1336 4191 peccatorum.
1361 4103 1485 4190 quietis
1509 4125 1550 4170 ac

378 4211 464 4279 lucis
500 4224 618 4280 eterne
654 4211 865 4280 beatitudine
901 4209 1110 4299 perfruatur.
1147 4223 1180 4277 et
1216 4210 1303 4277 inter
1340 4222 1481 4277 sanctos
1517 4222 1551 4277 et

379 4319 508 4386 electos
543 4333 624 4387 tuos
658 4319 689 4386 in
724 4316 992 4386 resurrectionis
1030 4316 1144 4404 gloria
1184 4316 1383 4385 resuscitari
1421 4340 1551 4385 merea·

379 4438 444 4494 tur.
492 4425 569 4496 Per.
