3534 5392
941 485 985 552 52

483 644 625 721 Parasti
650 653 683 719 in
708 663 897 740 conspectu
927 673 1004 718 meo
1035 673 1188 718 mensam
1213 651 1386 718 aduersus
1410 674 1472 720 eos
1497 652 1556 741 qui

376 767 541 837 tribulant
566 793 631 838 me.

483 878 717 973 Impinguasti
742 885 774 951 in
800 884 878 951 oleo
904 894 1007 970 caput
1034 905 1163 949 meum:
1193 895 1227 950 et
1252 882 1341 949 calix
1366 906 1464 951 meus
1488 885 1555 952 ine·

376 1001 494 1098 brlians
519 1024 623 1089 quam
648 1001 828 1089 preclarus
853 1012 915 1066 est.

483 1109 534 1186 Et
558 1116 799 1185 misericordia
818 1129 876 1184 tua
897 1117 1130 1202 subsequetur
1151 1137 1221 1183 me:
1247 1116 1407 1184 omnibus
1432 1116 1554 1185 diebus

377 1233 449 1302 vite
474 1221 559 1303 mee.

484 1344 535 1421 Et
567 1365 604 1419 vt
640 1350 827 1418 inhabitem
868 1350 901 1416 in
942 1350 1048 1416 domo
1086 1348 1229 1416 domini:
1270 1348 1302 1414 in
1339 1349 1558 1436 longitudine

378 1467 522 1535 dierum.

488 1575 615 1654 Gloria
639 1583 756 1671 patri.⁴

486 1701 593 1780 Sicut
618 1721 702 1776 erat.

860 1895 1035 1962 Psalmus
1050 1898 1072 1972 q

484 2025 549 2101 Ad
572 2043 607 2098 te
630 2029 744 2098 leuaui
768 2029 918 2096 animam
943 2051 1072 2096 meam:
1108 2029 1194 2096 deus
1227 2052 1324 2096 meus
1350 2029 1386 2096 in
1419 2042 1453 2098 te
1478 2053 1558 2098 con-

377 2148 448 2216 fido
472 2171 540 2215 non
566 2149 782 2214 erubescam.

486 2256 616 2352 Neque
640 2263 806 2330 irrideant
831 2285 886 2329 me
910 2260 1034 2328 inimici
1064 2261 1145 2328 mei:
1170 2261 1295 2328 etenim
1319 2262 1473 2330 vuiuersi
1500 2263 1558 2352 qui

379 2380 550 2449 sustinent
574 2392 608 2447 te
632 2403 699 2447 non
726 2378 989 2446 confundentur.

487 2487 756 2567 confundantur
780 2517 902 2561 omnes
927 2494 1043 2581 iniqua
1070 2507 1230 2582 agentes:
1256 2517 1484 2583 superuacuo.

486 2615 579 2692 Vias
611 2634 689 2688 tuas
718 2620 857 2687 domine
888 2618 1091 2686 demonstra
1117 2619 1220 2687 michi
1245 2632 1279 2688 et
1310 2621 1453 2690 semitas
1478 2636 1558 2692 tuas

379 2741 489 2808 edoce
514 2761 578 2806 me.

487 2847 616 2943 Dirige
648 2877 702 2921 me
733 2853 765 2920 in
791 2852 938 2920 veritate
962 2865 1020 2919 tua
1053 2865 1087 2920 et
1111 2853 1200 2920 doce
1231 2876 1300 2921 me:
1335 2854 1415 2941 quia
1447 2867 1484 2922 tu
1517 2879 1558 2924 es

379 2974 466 3040 deus
490 2972 646 3040 saluator
672 2993 769 3038 meus
794 2982 827 3037 et
852 2981 886 3036 te
910 2969 1057 3036 sustinui
1081 2982 1155 3037 tota
1179 2970 1242 3037 die.

487 3081 736 3157 Reminiscere
760 3085 1021 3154 miserationum
1052 3099 1188 3154 tuarum
1214 3087 1367 3154 domine:
1399 3101 1433 3154 et
1458 3088 1558 3157 mise-

379 3205 611 3273 ricordiarum
636 3217 775 3272 tuarum
799 3225 867 3292 que
891 3224 911 3268 a
935 3204 1054 3270 seculo
1079 3215 1169 3271 sunt.

487 3313 627 3390 Delicta
648 3320 839 3410 juuentutis
864 3340 957 3387 mee:
990 3333 1023 3387 et
1053 3319 1269 3406 ignorantias
1301 3342 1397 3387 meas
1421 3343 1465 3386 ne
1489 3343 1558 3387 me·

380 3437 522 3505 mineris
547 3437 695 3506 domine.

490 3543 696 3627 Secundum
739 3554 1014 3623 misericordiam
1058 3566 1151 3620 tuam
1194 3566 1366 3620 memento
1401 3551 1468 3621 mei
1504 3565 1556 3620 tu:

381 3681 526 3758 propter
551 3692 676 3738 nomen
701 3683 797 3738 tuum
823 3672 971 3740 domine.

488 3776 613 3853 Dulcis
638 3799 671 3854 et
696 3799 812 3855 rectus
836 3788 1012 3856 dominus:
1048 3797 1193 3876 propter
1224 3787 1290 3854 hoc
1321 3786 1438 3873 legem
1462 3785 1558 3854 dabit

381 3900 660 3989 delinquentibus
685 3902 718 3969 in
742 3903 809 3972 via.
923 3981 928 3996 ι

368 4021 371 4030 ’
488 4009 631 4106 Diriget
652 4033 853 4089 mansuetos
874 4021 906 4088 in
927 4020 1069 4088 iudicio:
1094 4019 1233 4087 docebit
1253 4019 1354 4086 mites
1373 4019 1449 4086 vias
1473 4039 1557 4108 suas

489 4134 667 4214 Universe
698 4145 753 4214 vie
785 4145 914 4214 domini
949 4144 1189 4213 misericordia
1220 4157 1254 4212 et
1285 4143 1416 4212 veritas
1448 4142 1559 4232 requi·

382 4259 536 4327 rentibus
561 4273 806 4330 testamentum
831 4262 921 4330 eius:
946 4274 981 4328 et
1007 4259 1203 4329 testimonia
1228 4261 1312 4330 eius

492 4513 509 4573 'l
531 4512 630 4566 Psalm
651 4529 693 4580 ²4·
