<?xml version="1.0" encoding="UTF-8"?>
<!DOCTYPE html PUBLIC "-//W3C//DTD XHTML 1.0 Transitional//EN"
    "http://www.w3.org/TR/xhtml1/DTD/xhtml1-transitional.dtd">
<html xmlns="http://www.w3.org/1999/xhtml" xml:lang="en" lang="en">
 <head>
  <title>
</title>
<meta http-equiv="Content-Type" content="text/html;charset=utf-8" />
  <meta name='ocr-system' content='tesseract 3.04.00' />
  <meta name='ocr-capabilities' content='ocr_page ocr_carea ocr_par ocr_line ocrx_word'/>
</head>
<body>
  <div class='ocr_page' id='page_1' title='image "./manualecuratoru00freigoog_0076.png"; bbox 0 0 3570 5402; ppageno 0'>
   <div class='ocr_carea' id='block_1_1' title="bbox 839 515 881 582">
    <p class='ocr_par' dir='ltr' id='par_1_1' title="bbox 839 515 881 582">
     <span class='ocr_line' id='line_1_1' title="bbox 839 515 881 582; baseline 0 0"><span class='ocrx_word' id='word_1_1' title='bbox 839 515 881 582; x_wconf 78' lang='grc'>25</span> 
     </span>
    </p>
   </div>
   <div class='ocr_carea' id='block_1_2' title="bbox 273 671 1448 1084">
    <p class='ocr_par' dir='ltr' id='par_1_2' title="bbox 273 671 1448 1084">
     <span class='ocr_line' id='line_1_2' title="bbox 273 671 1448 759; baseline -0.002 -19"><span class='ocrx_word' id='word_1_2' title='bbox 273 696 352 741; x_wconf 91' lang='lat' dir='ltr'>nem</span> <span class='ocrx_word' id='word_1_3' title='bbox 377 672 425 739; x_wconf 92' lang='lat' dir='ltr'>tui</span> <span class='ocrx_word' id='word_1_4' title='bbox 450 671 597 739; x_wconf 89' lang='lat' dir='ltr'>nominis</span> <span class='ocrx_word' id='word_1_5' title='bbox 628 671 799 759; x_wconf 86' lang='lat' dir='ltr'>benignus</span> <span class='ocrx_word' id='word_1_6' title='bbox 831 671 956 739; x_wconf 86' lang='lat' dir='ltr'>assiste</span> <span class='ocrx_word' id='word_1_7' title='bbox 981 687 1017 739; x_wconf 92' lang='lat' dir='ltr'>ut</span> <span class='ocrx_word' id='word_1_8' title='bbox 1047 672 1212 738; x_wconf 89' lang='lat' dir='ltr'>famulum</span> <span class='ocrx_word' id='word_1_9' title='bbox 1237 685 1332 739; x_wconf 90' lang='lat' dir='ltr'>tuum</span> <span class='ocrx_word' id='word_1_10' title='bbox 1358 672 1389 738; x_wconf 93' lang='lat' dir='ltr'>N</span> <span class='ocrx_word' id='word_1_11' title='bbox 1416 672 1448 739; x_wconf 93' lang='lat' dir='ltr'>li-</span> 
     </span>
     <span class='ocr_line' id='line_1_3' title="bbox 273 778 1447 867; baseline -0.003 -18"><span class='ocrx_word' id='word_1_12' title='bbox 273 783 433 849; x_wconf 90' lang='lat' dir='ltr'>beratum</span> <span class='ocrx_word' id='word_1_13' title='bbox 458 779 665 867; x_wconf 85' lang='lat' dir='ltr'><strong>egritudine.</strong></span> <span class='ocrx_word' id='word_1_14' title='bbox 690 794 724 847; x_wconf 89' lang='lat' dir='ltr'>et</span> <span class='ocrx_word' id='word_1_15' title='bbox 755 780 902 846; x_wconf 88' lang='lat' dir='ltr'>sanitate</span> <span class='ocrx_word' id='word_1_16' title='bbox 935 781 1098 847; x_wconf 90' lang='lat' dir='ltr'>donatum</span> <span class='ocrx_word' id='word_1_17' title='bbox 1130 778 1327 846; x_wconf 84' lang='lat' dir='ltr'>confirmes</span> <span class='ocrx_word' id='word_1_18' title='bbox 1355 792 1447 866; x_wconf 91' lang='lat' dir='ltr'>pote-</span> 
     </span>
     <span class='ocr_line' id='line_1_4' title="bbox 274 886 1448 976; baseline -0.002 -19"><span class='ocrx_word' id='word_1_19' title='bbox 274 902 364 957; x_wconf 82' lang='lat' dir='ltr'>state</span> <span class='ocrx_word' id='word_1_20' title='bbox 389 887 530 955; x_wconf 88' lang='lat' dir='ltr'>tuearis.</span> <span class='ocrx_word' id='word_1_21' title='bbox 555 886 701 954; x_wconf 85' lang='lat' dir='ltr'>ecclesie</span> <span class='ocrx_word' id='word_1_22' title='bbox 725 900 783 955; x_wconf 89' lang='lat' dir='ltr'>tue</span> <span class='ocrx_word' id='word_1_23' title='bbox 807 900 927 955; x_wconf 90' lang='lat' dir='ltr'>sancte</span> <span class='ocrx_word' id='word_1_24' title='bbox 958 887 1192 976; x_wconf 81' lang='lat' dir='ltr'>altaribusque</span> <span class='ocrx_word' id='word_1_25' title='bbox 1216 887 1285 954; x_wconf 89' lang='lat' dir='ltr'>tuis</span> <span class='ocrx_word' id='word_1_26' title='bbox 1309 886 1448 955; x_wconf 81' lang='lat' dir='ltr'>sanctis</span> 
     </span>
     <span class='ocr_line' id='line_1_5' title="bbox 275 994 1329 1084; baseline -0.004 -20"><span class='ocrx_word' id='word_1_27' title='bbox 275 1020 353 1064; x_wconf 94' lang='lat' dir='ltr'>cum</span> <span class='ocrx_word' id='word_1_28' title='bbox 378 995 538 1062; x_wconf 90' lang='lat' dir='ltr'>omnibus</span> <span class='ocrx_word' id='word_1_29' title='bbox 563 994 761 1062; x_wconf 89' lang='lat' dir='ltr'>desiderata</span> <span class='ocrx_word' id='word_1_30' title='bbox 786 995 1019 1082; x_wconf 82' lang='lat' dir='ltr'>prosperitate</span> <span class='ocrx_word' id='word_1_31' title='bbox 1043 1008 1265 1084; x_wconf 84' lang='lat' dir='ltr'>representes</span> <span class='ocrx_word' id='word_1_32' title='bbox 1289 997 1329 1060; x_wconf 93' lang='lat' dir='ltr'>P.</span> 
     </span>
    </p>
   </div>
   <div class='ocr_carea' id='block_1_3' title="bbox 275 1139 1449 1444">
    <p class='ocr_par' dir='ltr' id='par_1_3' title="bbox 275 1139 1449 1444">
     <span class='ocr_line' id='line_1_6' title="bbox 382 1139 1449 1229; baseline -0.002 -22"><span class='ocrx_word' id='word_1_33' title='bbox 382 1140 447 1207; x_wconf 85' lang='lat' dir='ltr'>Iste</span> <span class='ocrx_word' id='word_1_34' title='bbox 469 1139 708 1206; x_wconf 75' lang='lat' dir='ltr'>benedictiones</span> <span class='ocrx_word' id='word_1_35' title='bbox 738 1140 950 1222; x_wconf 69' lang='lat' dir='ltr'>infirmarunt</span> <span class='ocrx_word' id='word_1_36' title='bbox 971 1148 1118 1229; x_wconf 84' lang='lat' dir='ltr'>possunt</span> <span class='ocrx_word' id='word_1_37' title='bbox 1146 1140 1215 1206; x_wconf 86' lang='lat' dir='ltr'>dici</span> <span class='ocrx_word' id='word_1_38' title='bbox 1236 1140 1449 1227; x_wconf 83' lang='lat' dir='ltr'>quandocun-</span> 
     </span>
     <span class='ocr_line' id='line_1_7' title="bbox 277 1247 1448 1336; baseline -0.002 -22"><span class='ocrx_word' id='word_1_39' title='bbox 277 1271 339 1335; x_wconf 83' lang='lat' dir='ltr'>qna</span> <span class='ocrx_word' id='word_1_40' title='bbox 363 1249 483 1336; x_wconf 81' lang='lat' dir='ltr'>placat.</span> <span class='ocrx_word' id='word_1_41' title='bbox 517 1249 590 1313; x_wconf 79' lang='lat' dir='ltr'>sine</span> <span class='ocrx_word' id='word_1_42' title='bbox 622 1247 759 1334; x_wconf 83' lang='lat' dir='ltr'>qnando</span> <span class='ocrx_word' id='word_1_43' title='bbox 793 1248 950 1330; x_wconf 77' lang='lat' dir='ltr'>infirmus</span> <span class='ocrx_word' id='word_1_44' title='bbox 983 1255 1114 1314; x_wconf 77' lang='lat' dir='ltr'>tantnnn</span> <span class='ocrx_word' id='word_1_45' title='bbox 1148 1247 1247 1313; x_wconf 81' lang='lat' dir='ltr'>ntoa&#39;o</span> <span class='ocrx_word' id='word_1_46' title='bbox 1281 1249 1448 1313; x_wconf 85' lang='lat' dir='ltr'>visitatur.</span> 
     </span>
     <span class='ocr_line' id='line_1_8' title="bbox 275 1354 1252 1444; baseline 0 -23"><span class='ocrx_word' id='word_1_47' title='bbox 275 1357 347 1421; x_wconf 84' lang='lat' dir='ltr'>sina</span> <span class='ocrx_word' id='word_1_48' title='bbox 370 1355 508 1442; x_wconf 82' lang='lat' dir='ltr'>qnando</span> <span class='ocrx_word' id='word_1_49' title='bbox 531 1356 761 1420; x_wconf 77' lang='lat' dir='ltr'>communicat.</span> <span class='ocrx_word' id='word_1_50' title='bbox 786 1356 858 1420; x_wconf 83' lang='lat' dir='ltr'>sina</span> <span class='ocrx_word' id='word_1_51' title='bbox 882 1354 1019 1441; x_wconf 84' lang='lat' dir='ltr'>qnando</span> <span class='ocrx_word' id='word_1_52' title='bbox 1038 1356 1252 1444; x_wconf 77' lang='lat' dir='ltr'>perungitur.</span> 
     </span>
    </p>
   </div>
   <div class='ocr_carea' id='block_1_4' title="bbox 798 1532 929 1600">
    <p class='ocr_par' dir='ltr' id='par_1_4' title="bbox 798 1532 929 1600">
     <span class='ocr_line' id='line_1_9' title="bbox 798 1532 929 1600; baseline -0.008 0"><span class='ocrx_word' id='word_1_53' title='bbox 798 1532 929 1600; x_wconf 86' lang='lat' dir='ltr'>Oratio.</span> 
     </span>
    </p>
   </div>
   <div class='ocr_carea' id='block_1_5' title="bbox 382 1657 1447 1756">
    <p class='ocr_par' dir='ltr' id='par_1_5' title="bbox 382 1657 1447 1756">
     <span class='ocr_line' id='line_1_10' title="bbox 382 1657 1447 1756; baseline -0.004 -19"><span class='ocrx_word' id='word_1_54' title='bbox 382 1657 558 1738; x_wconf 86' lang='lat' dir='ltr'>Dominus</span> <span class='ocrx_word' id='word_1_55' title='bbox 574 1667 696 1755; x_wconf 90' lang='lat' dir='ltr'>jhesus</span> <span class='ocrx_word' id='word_1_56' title='bbox 716 1666 878 1735; x_wconf 88' lang='lat' dir='ltr'>Christus</span> <span class='ocrx_word' id='word_1_57' title='bbox 903 1668 994 1756; x_wconf 85' lang='lat' dir='ltr'>apud</span> <span class='ocrx_word' id='word_1_58' title='bbox 1019 1680 1052 1734; x_wconf 89' lang='lat' dir='ltr'>te</span> <span class='ocrx_word' id='word_1_59' title='bbox 1077 1667 1130 1734; x_wconf 92' lang='lat' dir='ltr'>sit.</span> <span class='ocrx_word' id='word_1_60' title='bbox 1157 1681 1194 1735; x_wconf 88' lang='lat' dir='ltr'>vt</span> <span class='ocrx_word' id='word_1_61' title='bbox 1219 1680 1253 1735; x_wconf 91' lang='lat' dir='ltr'>te</span> <span class='ocrx_word' id='word_1_62' title='bbox 1277 1667 1447 1735; x_wconf 84' lang='lat' dir='ltr'>defendat.</span> 
     </span>
    </p>
   </div>
   <div class='ocr_carea' id='block_1_6' title="bbox 276 1782 1449 2092">
    <p class='ocr_par' dir='ltr' id='par_1_6' title="bbox 276 1782 1449 2092">
     <span class='ocr_line' id='line_1_11' title="bbox 276 1782 1448 1853; baseline -0.002 -1"><span class='ocrx_word' id='word_1_63' title='bbox 276 1786 369 1853; x_wconf 93' lang='lat' dir='ltr'>Intra</span> <span class='ocrx_word' id='word_1_64' title='bbox 394 1797 427 1851; x_wconf 91' lang='lat' dir='ltr'>te</span> <span class='ocrx_word' id='word_1_65' title='bbox 451 1784 505 1852; x_wconf 90' lang='lat' dir='ltr'>sit.</span> <span class='ocrx_word' id='word_1_66' title='bbox 532 1796 568 1851; x_wconf 92' lang='lat' dir='ltr'>vt</span> <span class='ocrx_word' id='word_1_67' title='bbox 598 1795 633 1851; x_wconf 89' lang='lat' dir='ltr'>te</span> <span class='ocrx_word' id='word_1_68' title='bbox 663 1783 804 1850; x_wconf 88' lang='lat' dir='ltr'>reficiat.</span> <span class='ocrx_word' id='word_1_69' title='bbox 852 1782 955 1851; x_wconf 87' lang='lat' dir='ltr'>Circa</span> <span class='ocrx_word' id='word_1_70' title='bbox 987 1797 1021 1851; x_wconf 93' lang='lat' dir='ltr'>te</span> <span class='ocrx_word' id='word_1_71' title='bbox 1045 1783 1098 1851; x_wconf 92' lang='lat' dir='ltr'>sit.</span> <span class='ocrx_word' id='word_1_72' title='bbox 1125 1798 1162 1851; x_wconf 89' lang='lat' dir='ltr'>vt</span> <span class='ocrx_word' id='word_1_73' title='bbox 1193 1797 1227 1851; x_wconf 89' lang='lat' dir='ltr'>te</span> <span class='ocrx_word' id='word_1_74' title='bbox 1252 1800 1448 1852; x_wconf 86' lang='lat' dir='ltr'>conseruet.</span> 
     </span>
     <span class='ocr_line' id='line_1_12' title="bbox 277 1891 1449 1959; baseline -0.001 -1"><span class='ocrx_word' id='word_1_75' title='bbox 277 1904 356 1958; x_wconf 90' lang='lat' dir='ltr'>ante</span> <span class='ocrx_word' id='word_1_76' title='bbox 380 1904 414 1959; x_wconf 92' lang='lat' dir='ltr'>te</span> <span class='ocrx_word' id='word_1_77' title='bbox 437 1891 489 1958; x_wconf 90' lang='lat' dir='ltr'>sit.</span> <span class='ocrx_word' id='word_1_78' title='bbox 516 1903 551 1957; x_wconf 92' lang='lat' dir='ltr'>vt</span> <span class='ocrx_word' id='word_1_79' title='bbox 576 1903 610 1958; x_wconf 89' lang='lat' dir='ltr'>te</span> <span class='ocrx_word' id='word_1_80' title='bbox 634 1891 791 1959; x_wconf 89' lang='lat' dir='ltr'>deducat.</span> <span class='ocrx_word' id='word_1_81' title='bbox 833 1891 918 1959; x_wconf 89' lang='lat' dir='ltr'>Post</span> <span class='ocrx_word' id='word_1_82' title='bbox 942 1904 976 1959; x_wconf 94' lang='lat' dir='ltr'>te</span> <span class='ocrx_word' id='word_1_83' title='bbox 1000 1891 1054 1959; x_wconf 89' lang='lat' dir='ltr'>sit.</span> <span class='ocrx_word' id='word_1_84' title='bbox 1080 1905 1117 1958; x_wconf 90' lang='lat' dir='ltr'>vt</span> <span class='ocrx_word' id='word_1_85' title='bbox 1141 1904 1175 1959; x_wconf 88' lang='lat' dir='ltr'>te</span> <span class='ocrx_word' id='word_1_86' title='bbox 1199 1891 1370 1958; x_wconf 86' lang='lat' dir='ltr'>iustificet.</span> <span class='ocrx_word' id='word_1_87' title='bbox 1396 1914 1449 1958; x_wconf 90' lang='lat' dir='ltr'>su-</span> 
     </span>
     <span class='ocr_line' id='line_1_13' title="bbox 278 1998 1166 2092; baseline 0.001 -26"><span class='ocrx_word' id='word_1_88' title='bbox 278 2022 341 2086; x_wconf 92' lang='lat' dir='ltr'>per</span> <span class='ocrx_word' id='word_1_89' title='bbox 365 2011 398 2066; x_wconf 91' lang='lat' dir='ltr'>te</span> <span class='ocrx_word' id='word_1_90' title='bbox 422 1998 476 2066; x_wconf 91' lang='lat' dir='ltr'>sit.</span> <span class='ocrx_word' id='word_1_91' title='bbox 501 2011 539 2066; x_wconf 89' lang='lat' dir='ltr'>vt</span> <span class='ocrx_word' id='word_1_92' title='bbox 563 2011 597 2066; x_wconf 91' lang='lat' dir='ltr'>te</span> <span class='ocrx_word' id='word_1_93' title='bbox 621 1999 812 2092; x_wconf 87' lang='lat' dir='ltr'>benedicat.</span> <span class='ocrx_word' id='word_1_94' title='bbox 860 1998 929 2084; x_wconf 85' lang='lat' dir='ltr'>Qui</span> <span class='ocrx_word' id='word_1_95' title='bbox 953 2021 1032 2066; x_wconf 90' lang='lat' dir='ltr'>curn</span> <span class='ocrx_word' id='word_1_96' title='bbox 1057 2011 1166 2087; x_wconf 89' lang='lat' dir='ltr'>patre.</span> 
     </span>
    </p>
   </div>
   <div class='ocr_carea' id='block_1_7' title="bbox 818 2178 908 2245">
    <p class='ocr_par' dir='ltr' id='par_1_7' title="bbox 818 2178 908 2245">
     <span class='ocr_line' id='line_1_14' title="bbox 818 2178 908 2245; baseline -0.011 0"><span class='ocrx_word' id='word_1_97' title='bbox 818 2178 908 2245; x_wconf 84' lang='lat' dir='ltr'>lte.</span> 
     </span>
    </p>
   </div>
   <div class='ocr_carea' id='block_1_8' title="bbox 384 2305 1449 2402">
    <p class='ocr_par' dir='ltr' id='par_1_8' title="bbox 384 2305 1449 2402">
     <span class='ocr_line' id='line_1_15' title="bbox 384 2305 1449 2402; baseline -0.001 -20"><span class='ocrx_word' id='word_1_98' title='bbox 384 2305 579 2383; x_wconf 84' lang='lat' dir='ltr'>Benedicat</span> <span class='ocrx_word' id='word_1_99' title='bbox 604 2326 638 2381; x_wconf 90' lang='lat' dir='ltr'>te</span> <span class='ocrx_word' id='word_1_100' title='bbox 662 2315 748 2381; x_wconf 89' lang='lat' dir='ltr'>deus</span> <span class='ocrx_word' id='word_1_101' title='bbox 773 2327 882 2402; x_wconf 86' lang='lat' dir='ltr'>pater.</span> <span class='ocrx_word' id='word_1_102' title='bbox 907 2327 1006 2381; x_wconf 89' lang='lat' dir='ltr'>sanet</span> <span class='ocrx_word' id='word_1_103' title='bbox 1038 2326 1071 2382; x_wconf 91' lang='lat' dir='ltr'>te</span> <span class='ocrx_word' id='word_1_104' title='bbox 1100 2313 1154 2380; x_wconf 88' lang='lat' dir='ltr'>dei</span> <span class='ocrx_word' id='word_1_105' title='bbox 1183 2314 1281 2381; x_wconf 82' lang='lat' dir='ltr'>filius,</span> <span class='ocrx_word' id='word_1_106' title='bbox 1330 2315 1449 2382; x_wconf 92' lang='lat' dir='ltr'>Illumi-</span> 
     </span>
    </p>
   </div>
   <div class='ocr_carea' id='block_1_9' title="bbox 276 2431 1452 2735">
    <p class='ocr_par' dir='ltr' id='par_1_9' title="bbox 276 2431 1452 2735">
     <span class='ocr_line' id='line_1_16' title="bbox 276 2431 1451 2520; baseline -0.001 -22"><span class='ocrx_word' id='word_1_107' title='bbox 276 2444 334 2499; x_wconf 91' lang='lat' dir='ltr'>net</span> <span class='ocrx_word' id='word_1_108' title='bbox 368 2445 402 2499; x_wconf 87' lang='lat' dir='ltr'>te</span> <span class='ocrx_word' id='word_1_109' title='bbox 435 2431 578 2520; x_wconf 83' lang='lat' dir='ltr'>spiritus</span> <span class='ocrx_word' id='word_1_110' title='bbox 612 2444 752 2500; x_wconf 90' lang='lat' dir='ltr'>sanctus</span> <span class='ocrx_word' id='word_1_111' title='bbox 786 2453 915 2519; x_wconf 90' lang='lat' dir='ltr'>corpus</span> <span class='ocrx_word' id='word_1_112' title='bbox 949 2443 1045 2498; x_wconf 88' lang='lat' dir='ltr'>tuum</span> <span class='ocrx_word' id='word_1_113' title='bbox 1085 2431 1266 2498; x_wconf 88' lang='lat' dir='ltr'>custodiat.</span> <span class='ocrx_word' id='word_1_114' title='bbox 1301 2431 1451 2498; x_wconf 83' lang='lat' dir='ltr'>animam</span> 
     </span>
     <span class='ocr_line' id='line_1_17' title="bbox 276 2537 1452 2625; baseline -0.001 -20"><span class='ocrx_word' id='word_1_115' title='bbox 276 2550 370 2606; x_wconf 90' lang='lat' dir='ltr'>tuam</span> <span class='ocrx_word' id='word_1_116' title='bbox 395 2540 516 2608; x_wconf 90' lang='lat' dir='ltr'>saluet.</span> <span class='ocrx_word' id='word_1_117' title='bbox 542 2563 603 2608; x_wconf 93' lang='lat' dir='ltr'>cor</span> <span class='ocrx_word' id='word_1_118' title='bbox 640 2551 735 2607; x_wconf 93' lang='lat' dir='ltr'>tuum</span> <span class='ocrx_word' id='word_1_119' title='bbox 769 2539 918 2606; x_wconf 86' lang='lat' dir='ltr'>irradiet.</span> <span class='ocrx_word' id='word_1_120' title='bbox 950 2560 1089 2605; x_wconf 89' lang='lat' dir='ltr'>sensum</span> <span class='ocrx_word' id='word_1_121' title='bbox 1124 2550 1220 2604; x_wconf 93' lang='lat' dir='ltr'>tuum</span> <span class='ocrx_word' id='word_1_122' title='bbox 1252 2537 1391 2625; x_wconf 88' lang='lat' dir='ltr'>dirigat.</span> <span class='ocrx_word' id='word_1_123' title='bbox 1417 2550 1452 2604; x_wconf 89' lang='lat' dir='ltr'>et</span> 
     </span>
     <span class='ocr_line' id='line_1_18' title="bbox 277 2643 1112 2735; baseline 0 -23"><span class='ocrx_word' id='word_1_124' title='bbox 277 2647 321 2712; x_wconf 91' lang='lat' dir='ltr'>ad</span> <span class='ocrx_word' id='word_1_125' title='bbox 345 2668 533 2735; x_wconf 88' lang='lat' dir='ltr'>supernam</span> <span class='ocrx_word' id='word_1_126' title='bbox 559 2647 665 2715; x_wconf 88' lang='lat' dir='ltr'>vitarn</span> <span class='ocrx_word' id='word_1_127' title='bbox 689 2660 722 2715; x_wconf 89' lang='lat' dir='ltr'>te</span> <span class='ocrx_word' id='word_1_128' title='bbox 746 2647 922 2734; x_wconf 86' lang='lat' dir='ltr'>perducat.</span> <span class='ocrx_word' id='word_1_129' title='bbox 964 2645 1002 2713; x_wconf 91' lang='lat' dir='ltr'>P.</span> <span class='ocrx_word' id='word_1_130' title='bbox 1029 2643 1112 2713; x_wconf 90' lang='lat' dir='ltr'>Chr.</span> 
     </span>
    </p>
   </div>
   <div class='ocr_carea' id='block_1_10' title="bbox 821 2826 910 2893">
    <p class='ocr_par' dir='ltr' id='par_1_10' title="bbox 821 2826 910 2893">
     <span class='ocr_line' id='line_1_19' title="bbox 821 2826 910 2893; baseline -0.056 0"><span class='ocrx_word' id='word_1_131' title='bbox 821 2826 910 2893; x_wconf 75' lang='lat' dir='ltr'>Itan</span> 
     </span>
    </p>
   </div>
   <div class='ocr_carea' id='block_1_11' title="bbox 386 2952 1451 3048">
    <p class='ocr_par' dir='ltr' id='par_1_11' title="bbox 386 2952 1451 3048">
     <span class='ocr_line' id='line_1_20' title="bbox 386 2952 1451 3048; baseline -0.001 -20"><span class='ocrx_word' id='word_1_132' title='bbox 386 2952 582 3029; x_wconf 90' lang='lat' dir='ltr'>Benedicat</span> <span class='ocrx_word' id='word_1_133' title='bbox 606 2973 640 3028; x_wconf 89' lang='lat' dir='ltr'>te</span> <span class='ocrx_word' id='word_1_134' title='bbox 664 2961 751 3028; x_wconf 90' lang='lat' dir='ltr'>deus</span> <span class='ocrx_word' id='word_1_135' title='bbox 776 2973 874 3048; x_wconf 89' lang='lat' dir='ltr'>pater</span> <span class='ocrx_word' id='word_1_136' title='bbox 898 2959 957 3048; x_wconf 87' lang='lat' dir='ltr'>qui</span> <span class='ocrx_word' id='word_1_137' title='bbox 981 2959 1013 3026; x_wconf 96' lang='lat' dir='ltr'>in</span> <span class='ocrx_word' id='word_1_138' title='bbox 1039 2959 1208 3047; x_wconf 90' lang='lat' dir='ltr'>principio</span> <span class='ocrx_word' id='word_1_139' title='bbox 1233 2972 1356 3026; x_wconf 88' lang='lat' dir='ltr'>cuncta</span> <span class='ocrx_word' id='word_1_140' title='bbox 1381 2983 1451 3027; x_wconf 91' lang='lat' dir='ltr'>cre-</span> 
     </span>
    </p>
   </div>
   <div class='ocr_carea' id='block_1_12' title="bbox 278 3075 1453 3596">
    <p class='ocr_par' dir='ltr' id='par_1_12' title="bbox 278 3075 1453 3596">
     <span class='ocr_line' id='line_1_21' title="bbox 278 3075 1450 3165; baseline -0.001 -21"><span class='ocrx_word' id='word_1_141' title='bbox 278 3077 359 3145; x_wconf 89' lang='lat' dir='ltr'>auit.</span> <span class='ocrx_word' id='word_1_142' title='bbox 385 3077 565 3145; x_wconf 87' lang='lat' dir='ltr'>benedicat</span> <span class='ocrx_word' id='word_1_143' title='bbox 589 3090 623 3145; x_wconf 89' lang='lat' dir='ltr'>te</span> <span class='ocrx_word' id='word_1_144' title='bbox 647 3076 702 3144; x_wconf 92' lang='lat' dir='ltr'>dei</span> <span class='ocrx_word' id='word_1_145' title='bbox 727 3076 832 3160; x_wconf 87' lang='lat' dir='ltr'>filius,</span> <span class='ocrx_word' id='word_1_146' title='bbox 866 3076 924 3165; x_wconf 92' lang='lat' dir='ltr'>qui</span> <span class='ocrx_word' id='word_1_147' title='bbox 955 3077 998 3143; x_wconf 89' lang='lat' dir='ltr'>de</span> <span class='ocrx_word' id='word_1_148' title='bbox 1030 3075 1190 3163; x_wconf 90' lang='lat' dir='ltr'>supernis</span> <span class='ocrx_word' id='word_1_149' title='bbox 1219 3076 1360 3144; x_wconf 88' lang='lat' dir='ltr'>sedibus</span> <span class='ocrx_word' id='word_1_150' title='bbox 1386 3100 1450 3165; x_wconf 91' lang='lat' dir='ltr'>pro</span> 
     </span>
     <span class='ocr_line' id='line_1_22' title="bbox 278 3183 1451 3272; baseline 0 -20"><span class='ocrx_word' id='word_1_151' title='bbox 278 3183 378 3252; x_wconf 91' lang='lat' dir='ltr'>nobis</span> <span class='ocrx_word' id='word_1_152' title='bbox 412 3185 566 3253; x_wconf 84' lang='lat' dir='ltr'>saluator</span> <span class='ocrx_word' id='word_1_153' title='bbox 601 3183 788 3252; x_wconf 86' lang='lat' dir='ltr'>descendit.</span> <span class='ocrx_word' id='word_1_154' title='bbox 836 3183 1023 3251; x_wconf 90' lang='lat' dir='ltr'>Benedicat</span> <span class='ocrx_word' id='word_1_155' title='bbox 1057 3195 1090 3250; x_wconf 91' lang='lat' dir='ltr'>te</span> <span class='ocrx_word' id='word_1_156' title='bbox 1124 3183 1266 3272; x_wconf 91' lang='lat' dir='ltr'>spiritus</span> <span class='ocrx_word' id='word_1_157' title='bbox 1298 3197 1451 3252; x_wconf 76' lang='lat' dir='ltr'>sanctus,</span> 
     </span>
     <span class='ocr_line' id='line_1_23' title="bbox 279 3288 1452 3381; baseline -0.002 -22"><span class='ocrx_word' id='word_1_158' title='bbox 279 3293 338 3381; x_wconf 89' lang='lat' dir='ltr'>qui</span> <span class='ocrx_word' id='word_1_159' title='bbox 372 3291 405 3359; x_wconf 92' lang='lat' dir='ltr'>in</span> <span class='ocrx_word' id='word_1_160' title='bbox 438 3292 554 3381; x_wconf 90' lang='lat' dir='ltr'>specie</span> <span class='ocrx_word' id='word_1_161' title='bbox 588 3293 748 3359; x_wconf 89' lang='lat' dir='ltr'>columbe</span> <span class='ocrx_word' id='word_1_162' title='bbox 789 3291 822 3359; x_wconf 95' lang='lat' dir='ltr'>in</span> <span class='ocrx_word' id='word_1_163' title='bbox 856 3290 995 3359; x_wconf 88' lang='lat' dir='ltr'>flumine</span> <span class='ocrx_word' id='word_1_164' title='bbox 1029 3291 1182 3358; x_wconf 92' lang='lat' dir='ltr'>iordanis</span> <span class='ocrx_word' id='word_1_165' title='bbox 1216 3288 1388 3379; x_wconf 89' lang='lat' dir='ltr'>requieuit</span> <span class='ocrx_word' id='word_1_166' title='bbox 1420 3290 1452 3357; x_wconf 94' lang='lat' dir='ltr'>in</span> 
     </span>
     <span class='ocr_line' id='line_1_24' title="bbox 278 3397 1453 3488; baseline -0.003 -21"><span class='ocrx_word' id='word_1_167' title='bbox 278 3397 407 3468; x_wconf 82' lang='lat' dir='ltr'>Cristo</span> <span class='ocrx_word' id='word_1_168' title='bbox 456 3399 534 3488; x_wconf 91' lang='lat' dir='ltr'>lpse</span> <span class='ocrx_word' id='word_1_169' title='bbox 564 3412 599 3468; x_wconf 92' lang='lat' dir='ltr'>te</span> <span class='ocrx_word' id='word_1_170' title='bbox 632 3400 664 3466; x_wconf 96' lang='lat' dir='ltr'>in</span> <span class='ocrx_word' id='word_1_171' title='bbox 698 3399 850 3467; x_wconf 89' lang='lat' dir='ltr'>trinitate</span> <span class='ocrx_word' id='word_1_172' title='bbox 869 3399 1069 3466; x_wconf 85' lang='lat' dir='ltr'>sanctificet.</span> <span class='ocrx_word' id='word_1_173' title='bbox 1095 3421 1199 3486; x_wconf 90' lang='lat' dir='ltr'>quern</span> <span class='ocrx_word' id='word_1_174' title='bbox 1225 3421 1346 3466; x_wconf 86' lang='lat' dir='ltr'>omnes</span> <span class='ocrx_word' id='word_1_175' title='bbox 1370 3421 1453 3486; x_wconf 86' lang='lat' dir='ltr'>gen·</span> 
     </span>
     <span class='ocr_line' id='line_1_25' title="bbox 278 3506 1327 3596; baseline -0.004 -22"><span class='ocrx_word' id='word_1_176' title='bbox 278 3520 332 3575; x_wconf 89' lang='lat' dir='ltr'>tes</span> <span class='ocrx_word' id='word_1_177' title='bbox 357 3520 541 3575; x_wconf 90' lang='lat' dir='ltr'>venturum</span> <span class='ocrx_word' id='word_1_178' title='bbox 566 3518 751 3596; x_wconf 87' lang='lat' dir='ltr'>expectant</span> <span class='ocrx_word' id='word_1_179' title='bbox 776 3508 819 3575; x_wconf 91' lang='lat' dir='ltr'>ad</span> <span class='ocrx_word' id='word_1_180' title='bbox 843 3506 1013 3574; x_wconf 91' lang='lat' dir='ltr'>iudicium.</span> <span class='ocrx_word' id='word_1_181' title='bbox 1060 3506 1129 3591; x_wconf 82' lang='lat' dir='ltr'>Qui</span> <span class='ocrx_word' id='word_1_182' title='bbox 1154 3529 1231 3572; x_wconf 89' lang='lat' dir='ltr'>curn</span> <span class='ocrx_word' id='word_1_183' title='bbox 1257 3529 1327 3593; x_wconf 92' lang='lat' dir='ltr'>pre.</span> 
     </span>
    </p>
   </div>
   <div class='ocr_carea' id='block_1_13' title="bbox 821 3685 911 3753">
    <p class='ocr_par' dir='ltr' id='par_1_13' title="bbox 821 3685 911 3753">
     <span class='ocr_line' id='line_1_26' title="bbox 821 3685 911 3753; baseline 0.011 -2"><span class='ocrx_word' id='word_1_184' title='bbox 821 3685 911 3753; x_wconf 79' lang='lat' dir='ltr'>[teni.</span> 
     </span>
    </p>
   </div>
   <div class='ocr_carea' id='block_1_14' title="bbox 386 3811 1453 3909">
    <p class='ocr_par' dir='ltr' id='par_1_14' title="bbox 386 3811 1453 3909">
     <span class='ocr_line' id='line_1_27' title="bbox 386 3811 1453 3909; baseline -0.004 -19"><span class='ocrx_word' id='word_1_185' title='bbox 386 3811 503 3891; x_wconf 88' lang='lat' dir='ltr'>Sanet</span> <span class='ocrx_word' id='word_1_186' title='bbox 527 3834 561 3888; x_wconf 89' lang='lat' dir='ltr'>te</span> <span class='ocrx_word' id='word_1_187' title='bbox 585 3822 671 3889; x_wconf 89' lang='lat' dir='ltr'>deus</span> <span class='ocrx_word' id='word_1_188' title='bbox 695 3833 805 3909; x_wconf 89' lang='lat' dir='ltr'>pater.</span> <span class='ocrx_word' id='word_1_189' title='bbox 831 3819 942 3909; x_wconf 92' lang='lat' dir='ltr'>quite</span> <span class='ocrx_word' id='word_1_190' title='bbox 968 3820 1107 3888; x_wconf 86' lang='lat' dir='ltr'>creauit.</span> <span class='ocrx_word' id='word_1_191' title='bbox 1145 3819 1252 3888; x_wconf 88' lang='lat' dir='ltr'>Sanet</span> <span class='ocrx_word' id='word_1_192' title='bbox 1278 3832 1312 3886; x_wconf 90' lang='lat' dir='ltr'>te</span> <span class='ocrx_word' id='word_1_193' title='bbox 1336 3819 1453 3889; x_wconf 90' lang='lat' dir='ltr'>ihesus</span> 
     </span>
    </p>
   </div>
   <div class='ocr_carea' id='block_1_15' title="bbox 279 3936 1453 4222">
    <p class='ocr_par' dir='ltr' id='par_1_15' title="bbox 279 3936 1453 4222">
     <span class='ocr_line' id='line_1_28' title="bbox 280 3936 1453 4027; baseline -0.003 -23"><span class='ocrx_word' id='word_1_194' title='bbox 280 3937 442 4005; x_wconf 81' lang='lat' dir='ltr'>christus,</span> <span class='ocrx_word' id='word_1_195' title='bbox 468 3938 526 4027; x_wconf 91' lang='lat' dir='ltr'>qui</span> <span class='ocrx_word' id='word_1_196' title='bbox 549 3959 615 4026; x_wconf 90' lang='lat' dir='ltr'>pro</span> <span class='ocrx_word' id='word_1_197' title='bbox 647 3951 681 4006; x_wconf 91' lang='lat' dir='ltr'>te</span> <span class='ocrx_word' id='word_1_198' title='bbox 711 3961 838 4027; x_wconf 88' lang='lat' dir='ltr'>passus</span> <span class='ocrx_word' id='word_1_199' title='bbox 869 3950 923 4005; x_wconf 91' lang='lat' dir='ltr'>est</span> <span class='ocrx_word' id='word_1_200' title='bbox 948 3937 1055 4006; x_wconf 89' lang='lat' dir='ltr'>Sanet</span> <span class='ocrx_word' id='word_1_201' title='bbox 1085 3949 1120 4005; x_wconf 92' lang='lat' dir='ltr'>te</span> <span class='ocrx_word' id='word_1_202' title='bbox 1144 3936 1286 4026; x_wconf 87' lang='lat' dir='ltr'>spiritus</span> <span class='ocrx_word' id='word_1_203' title='bbox 1310 3947 1453 4003; x_wconf 89' lang='lat' dir='ltr'>sanctus</span> 
     </span>
     <span class='ocr_line' id='line_1_29' title="bbox 279 4044 1451 4133; baseline -0.002 -22"><span class='ocrx_word' id='word_1_204' title='bbox 279 4044 337 4132; x_wconf 90' lang='lat' dir='ltr'>qui</span> <span class='ocrx_word' id='word_1_205' title='bbox 370 4045 403 4111; x_wconf 94' lang='lat' dir='ltr'>in</span> <span class='ocrx_word' id='word_1_206' title='bbox 435 4058 469 4113; x_wconf 91' lang='lat' dir='ltr'>te</span> <span class='ocrx_word' id='word_1_207' title='bbox 502 4046 634 4114; x_wconf 85' lang='lat' dir='ltr'>effusus</span> <span class='ocrx_word' id='word_1_208' title='bbox 666 4058 729 4114; x_wconf 89' lang='lat' dir='ltr'>est.</span> <span class='ocrx_word' id='word_1_209' title='bbox 777 4044 907 4114; x_wconf 87' lang='lat' dir='ltr'>Sancta</span> <span class='ocrx_word' id='word_1_210' title='bbox 939 4045 1072 4113; x_wconf 88' lang='lat' dir='ltr'>trinitas</span> <span class='ocrx_word' id='word_1_211' title='bbox 1105 4045 1149 4114; x_wconf 90' lang='lat' dir='ltr'>sit</span> <span class='ocrx_word' id='word_1_212' title='bbox 1173 4067 1313 4133; x_wconf 85' lang='lat' dir='ltr'>semper</span> <span class='ocrx_word' id='word_1_213' title='bbox 1336 4055 1451 4110; x_wconf 85' lang='lat' dir='ltr'>tecum</span> 
     </span>
     <span class='ocr_line' id='line_1_30' title="bbox 280 4151 1208 4222; baseline 0 -4"><span class='ocrx_word' id='word_1_214' title='bbox 280 4151 442 4219; x_wconf 94' lang='lat' dir='ltr'>omnibus</span> <span class='ocrx_word' id='word_1_215' title='bbox 467 4152 588 4221; x_wconf 90' lang='lat' dir='ltr'>diebus</span> <span class='ocrx_word' id='word_1_216' title='bbox 613 4153 695 4222; x_wconf 87' lang='lat' dir='ltr'>vite.</span> <span class='ocrx_word' id='word_1_217' title='bbox 720 4153 775 4220; x_wconf 92' lang='lat' dir='ltr'>hic</span> <span class='ocrx_word' id='word_1_218' title='bbox 800 4166 834 4220; x_wconf 91' lang='lat' dir='ltr'>et</span> <span class='ocrx_word' id='word_1_219' title='bbox 858 4152 890 4220; x_wconf 96' lang='lat' dir='ltr'>in</span> <span class='ocrx_word' id='word_1_220' title='bbox 916 4165 1075 4220; x_wconf 86' lang='lat' dir='ltr'>eternum</span> <span class='ocrx_word' id='word_1_221' title='bbox 1100 4176 1208 4220; x_wconf 87' lang='lat' dir='ltr'>amen.</span> 
     </span>
    </p>
   </div>
   <div class='ocr_carea' id='block_1_16' title="bbox 279 4314 1454 4638">
    <p class='ocr_par' dir='ltr' id='par_1_16' title="bbox 279 4314 1454 4638">
     <span class='ocr_line' id='line_1_31' title="bbox 820 4314 910 4381; baseline -0.011 0"><span class='ocrx_word' id='word_1_222' title='bbox 820 4314 910 4381; x_wconf 78' lang='lat' dir='ltr'>Item.</span> 
     </span>
     <span class='ocr_line' id='line_1_32' title="bbox 387 4420 1454 4518; baseline -0.006 -20"><span class='ocrx_word' id='word_1_223' title='bbox 387 4420 583 4498; x_wconf 86' lang='lat' dir='ltr'>Benedicat</span> <span class='ocrx_word' id='word_1_224' title='bbox 603 4443 638 4498; x_wconf 90' lang='lat' dir='ltr'>te</span> <span class='ocrx_word' id='word_1_225' title='bbox 657 4431 744 4498; x_wconf 89' lang='lat' dir='ltr'>deus</span> <span class='ocrx_word' id='word_1_226' title='bbox 763 4443 873 4518; x_wconf 90' lang='lat' dir='ltr'>pater.</span> <span class='ocrx_word' id='word_1_227' title='bbox 899 4429 956 4518; x_wconf 90' lang='lat' dir='ltr'>qui</span> <span class='ocrx_word' id='word_1_228' title='bbox 977 4442 1011 4497; x_wconf 92' lang='lat' dir='ltr'>te</span> <span class='ocrx_word' id='word_1_229' title='bbox 1031 4429 1172 4498; x_wconf 88' lang='lat' dir='ltr'>creauit.</span> <span class='ocrx_word' id='word_1_230' title='bbox 1208 4427 1395 4496; x_wconf 89' lang='lat' dir='ltr'>Benedicat</span> <span class='ocrx_word' id='word_1_231' title='bbox 1421 4437 1454 4493; x_wconf 92' lang='lat' dir='ltr'>te</span> 
     </span>
     <span class='ocr_line' id='line_1_33' title="bbox 279 4545 1454 4638; baseline -0.001 -25"><span class='ocrx_word' id='word_1_232' title='bbox 279 4546 334 4613; x_wconf 91' lang='lat' dir='ltr'>dei</span> <span class='ocrx_word' id='word_1_233' title='bbox 358 4547 459 4614; x_wconf 86' lang='lat' dir='ltr'>filius.</span> <span class='ocrx_word' id='word_1_234' title='bbox 494 4547 551 4635; x_wconf 91' lang='lat' dir='ltr'>qui</span> <span class='ocrx_word' id='word_1_235' title='bbox 585 4570 650 4637; x_wconf 86' lang='lat' dir='ltr'>pro</span> <span class='ocrx_word' id='word_1_236' title='bbox 686 4559 719 4614; x_wconf 90' lang='lat' dir='ltr'>te</span> <span class='ocrx_word' id='word_1_237' title='bbox 753 4569 879 4638; x_wconf 90' lang='lat' dir='ltr'>passus</span> <span class='ocrx_word' id='word_1_238' title='bbox 913 4559 975 4617; x_wconf 87' lang='lat' dir='ltr'>est.</span> <span class='ocrx_word' id='word_1_239' title='bbox 1023 4545 1209 4616; x_wconf 91' lang='lat' dir='ltr'>Benedicat</span> <span class='ocrx_word' id='word_1_240' title='bbox 1243 4557 1278 4614; x_wconf 91' lang='lat' dir='ltr'>te</span> <span class='ocrx_word' id='word_1_241' title='bbox 1311 4545 1454 4635; x_wconf 87' lang='lat' dir='ltr'>spiritus</span> 
     </span>
    </p>
   </div>
   <div class='ocr_carea' id='block_1_17' title="bbox 0 0 1802 5402">
    <p class='ocr_par' dir='ltr' id='par_1_17' title="bbox 0 0 1802 5402">
     <span class='ocr_line' id='line_1_34' title="bbox 0 0 1802 5402; baseline 0 0"><span class='ocrx_word' id='word_1_242' title='bbox 0 0 1802 5402; x_wconf 95' lang='lat' dir='ltr'> </span> 
     </span>
    </p>
   </div>
  </div>
 </body>
</html>
