3534 5392
809 480 850 544 27

242 635 441 703 visitatione
473 635 650 703 salutifera
685 635 827 703 visitare
859 637 1024 724 digneris.
1073 637 1115 704 Et
1150 638 1237 705 sicut
1272 639 1417 707 visitasti

241 743 394 811 thobiam
419 757 453 811 et
478 766 604 810 saram.
630 755 663 810 et
683 766 824 810 socrum
846 745 944 832 petri.
969 766 1183 833 puerumque
1198 747 1416 815 centurionis.

242 852 288 920 ita
323 864 356 919 et
390 851 455 918 iste
488 850 634 938 pristina
667 851 814 918 sanitate
847 851 970 919 anime.
1003 852 1232 941 corporisque
1265 867 1416 943 recepta.

242 959 435 1047 gratiarum
460 958 520 1026 tibi
546 957 577 1024 in
602 957 748 1026 ecclesia
773 958 902 1026 referat
926 959 1107 1027 actionem.
1143 959 1211 1027 Per
1236 960 1416 1029 Christum

243 1067 428 1134 dominum.

347 1175 420 1252 An.
446 1183 499 1249 Ne
524 1182 792 1251 remininiscaris
817 1183 956 1250 domine
981 1183 1105 1250 delicta
1135 1199 1255 1251 nostra
1281 1185 1334 1251 uel
1361 1209 1415 1273 pa·

242 1311 376 1366 rentum
412 1311 622 1366 nostrorum.
657 1322 768 1387 neque
807 1298 993 1379 vindictam
1033 1322 1152 1367 sumas
1186 1301 1229 1367 de
1263 1301 1415 1389 peccatis

240 1419 381 1474 nostris.

346 1515 416 1592 us'
446 1522 674 1605 (versiculus).
722 1523 832 1591 Parce
857 1522 995 1590 domine
1019 1546 1125 1611 parce
1149 1547 1252 1592 seruo
1278 1537 1347 1592 tuo.
1372 1548 1415 1592 ne

238 1639 270 1706 in
296 1654 454 1708 eternum
479 1639 643 1707 irascaris
667 1639 708 1708 ei.

667 1819 830 1907 Sequetur
852 1821 987 1887 letaruh.

348 1961 603 2059 Kyrieleyson.
651 1963 907 2059 Cristeleyson.
954 1964 1208 2061 Kyrieleyson.

348 2088 468 2167 Criste
492 2097 571 2165 audi
596 2121 669 2166 nos.

346 2213 519 2292 Saluator
544 2223 670 2292 mundi.
696 2223 822 2292 adiuua
847 2248 921 2293 nos,

344 2339 483 2418 Sancta
509 2349 627 2418 maria.
1193 2376 1255 2420 ora
1280 2376 1344 2441 pro
1369 2377 1412 2421 eo
1504 2357 1506 2362 ’

345 2465 482 2544 Sancta
508 2474 562 2542 dei
586 2475 737 2563 genitrix
1193 2500 1255 2545 ora
1280 2502 1344 2566 pro
1369 2503 1411 2546 eo

345 2588 484 2669 Sancta
508 2601 612 2689 virgo
638 2601 814 2689 virginum
1191 2626 1253 2670 ora
1278 2627 1342 2692 pro
1368 2628 1411 2672 eo

345 2716 482 2795 Sancte
508 2727 653 2795 michael
1191 2753 1253 2798 ora
1278 2754 1343 2820 pro
1368 2755 1411 2799 eo

344 2842 481 2921 Sancte
506 2852 643 2940 gabriel
1193 2879 1255 2923 ora
1279 2880 1344 2944 pro
1369 2883 1411 2925 eo

343 2967 481 3046 Sancte
506 2979 648 3065 raphael
1192 3005 1254 3048 ora
1278 3006 1343 3070 pro
1368 3008 1410 3052 eo

345 3093 484 3172 Omnes
508 3103 617 3171 saneti
642 3105 758 3192 angeli
783 3119 816 3172 et
840 3105 1043 3193 archangeli
1153 3120 1252 3175 orate
1276 3131 1341 3196 pro
1367 3133 1409 3178 eo

344 3217 481 3298 Sancte
505 3228 672 3297 iohannes
697 3231 848 3318 baptista
1182 3255 1256 3321 orp.

344 3344 482 3423 Omnes
507 3354 617 3423 sancti
642 3355 838 3443 patriarche
863 3370 896 3425 et
920 3360 1091 3448 prophete
1148 3373 1247 3427 orate
1271 3384 1303 3449 p.

342 3467 480 3549 Sancte
505 3495 604 3569 petre
1190 3512 1253 3557 ora
1277 3514 1342 3578 pro
1367 3515 1409 3559 eo

342 3595 479 3674 Sancte
504 3607 605 3694 paule
1186 3638 1249 3682 ora
1274 3638 1339 3702 pro
1364 3639 1406 3683 eo

341 3719 479 3800 Sancte
503 3733 633 3799 andrea
1189 3764 1251 3809 ora
1276 3764 1340 3828 pro
1366 3765 1408 3808 eo

342 3845 479 3926 Sancte
503 3857 624 3926 iacobe
1189 3890 1252 3934 ora
1276 3890 1341 3955 pro
1366 3890 1408 3934 eo

343 3972 480 4051 Sancte
504 3983 670 4054 iohannes
1190 4017 1252 4061 ora
1276 4016 1342 4082 pro
1367 4017 1410 4060 eo

341 4097 479 4178 Sancte
503 4110 656 4201 philippe
814 4183 819 4197 ,
1187 4143 1251 4187 ora
1275 4143 1340 4208 pro
1365 4143 1408 4187 eo

341 4223 479 4304 Sancte
503 4237 743 4307 bartholomee
1187 4269 1250 4313 ora
1274 4269 1339 4335 pro
1364 4270 1406 4314 eo

340 4348 478 4429 Sancte
503 4363 639 4430 mathee
1185 4395 1248 4440 ora
1273 4395 1338 4460 pro
1364 4395 1406 4440 eo

340 4475 478 4555 Sancte
501 4511 627 4578 symon
1186 4521 1248 4567 ora
1274 4521 1338 4590 pro
1363 4522 1406 4566 eo
