3570 5402
929 485 973 551 30

472 644 574 720 Deus
600 664 785 719 conseruet
810 674 888 717 eum
914 663 948 718 et
971 650 1123 718 viuificet
1147 675 1235 719 eum.

472 767 515 834 Et
540 769 677 835 beatum
703 767 805 835 faciat
830 790 908 834 eum
933 767 976 834 in.
1002 768 1120 851 [terra]

471 875 566 953 Esto
591 883 637 952 illi
661 884 799 952 domine
823 898 889 952 tur.
915 885 976 966 [ris
1000 883 1234 968 fortitudinisl.

471 1001 506 1068 A
531 1001 593 1068 sac.
620 1001 663 1083 [ie
688 1000 834 1084 inimicil.

473 1107 622 1175 Domine
647 1132 689 1176 ex
715 1107 819 1191 [audi]
844 1107 1038 1176 orationem
1064 1132 1177 1176 meam

472 1215 515 1282 Et
540 1216 592 1283 cla
617 1217 707 1299 [mor
734 1238 830 1282 meus
855 1218 899 1283 ad
922 1228 957 1283 te
982 1216 1119 1300 veniatl.

871 1395 1002 1463 Oratio,
1019 1398 1040 1478 ¹)

475 1503 637 1599 Respice
661 1510 800 1578 domine
824 1513 867 1578 de
892 1511 977 1579 celo
1003 1525 1037 1579 et
1061 1511 1162 1580 visita
1188 1512 1353 1580 famulum
1377 1525 1472 1580 tuum
1497 1512 1539 1580 N.

366 1643 400 1696 et
434 1628 578 1695 benedic
613 1651 702 1695 eum.
737 1627 826 1695 sicut
859 1628 1065 1696 benedicere
1099 1628 1262 1717 dignatus
1293 1653 1331 1697 es
1365 1630 1540 1698 abraham.

365 1736 458 1803 isaac
491 1749 525 1802 et
559 1734 668 1803 iacob.
703 1735 820 1824 aspice
851 1759 930 1804 eum
960 1737 1099 1804 domine
1131 1737 1241 1804 oculis
1273 1736 1350 1805 tuis,
1376 1750 1410 1804 et
1444 1738 1541 1826 reple

365 1867 443 1910 eum
469 1843 562 1911 omni
586 1844 716 1930 gaudio
749 1858 783 1911 et
814 1843 933 1911 leticia.
959 1856 992 1911 et
1023 1844 1148 1911 timore
1178 1857 1247 1912 tuo.
1271 1845 1406 1932 expelle
1430 1846 1473 1912 ab
1498 1867 1541 1912 eo

367 1973 488 2018 omnes
513 1950 655 2018 insidias
679 1950 816 2018 inimici.
842 1964 876 2018 et
898 1951 993 2019 mitte
1013 1953 1045 2019 ei
1064 1952 1227 2039 angelum
1252 1951 1356 2040 pacis.
1381 1952 1439 2040 qui
1463 1974 1540 2019 eum

366 2057 399 2126 in
424 2069 593 2147 perpetua
617 2081 704 2146 pace
728 2058 910 2127 custodiat.
957 2058 1025 2126 Per
1049 2059 1204 2126 eristum.

472 2165 546 2247 An.
572 2173 666 2243 Sana
700 2175 838 2243 domine
872 2175 1044 2243 infirmum
1076 2175 1188 2242 istum.
1222 2175 1319 2244 cuius
1350 2199 1432 2242 ossa
1465 2198 1542 2242 con·

369 2293 507 2359 turbata
539 2305 618 2358 sunt
652 2291 762 2358 valde.
810 2290 881 2360 Sed
916 2304 952 2359 tu
984 2292 1122 2360 domine
1154 2305 1359 2360 conuertere
1389 2292 1423 2359 ‘et
1447 2291 1542 2380 eripe

368 2398 518 2466 animam
543 2397 626 2466 eius.
652 2412 686 2466 et
710 2422 794 2466 sana
819 2422 909 2468 eum.

891 2559 1021 2628 Oratzo.

475 2668 578 2744 Deus
612 2675 669 2763 qui
703 2699 766 2764 per
791 2676 990 2765 apostolum
1024 2676 1184 2744 iacobum
1209 2677 1346 2744 locutus
1371 2699 1420 2744 es.
1454 2675 1543 2743 infir-

368 2803 480 2860 matur
506 2790 584 2881 quis
608 2815 651 2859 ex
672 2791 781 2860 vobis.
807 2792 945 2861 inducat
966 2792 1182 2881 presbiteros
1202 2793 1358 2861 ecclesie.
1384 2808 1418 2860 et
1442 2805 1543 2860 orent

367 2923 473 2988 super
498 2922 585 2967 eum.
610 2912 783 2986 vngentes
813 2923 891 2968 eum
921 2900 1000 2968 oleo
1024 2900 1056 2968 in
1085 2900 1223 2969 nomine
1248 2899 1385 2968 domini.
1411 2913 1445 2968 et
1468 2923 1543 2968 ora·

368 3007 416 3075 tio
441 3006 521 3074 fidei
546 3007 694 3075 saluabit
718 3006 900 3075 infirmum.
926 3021 960 3076 et
984 3007 1158 3078 alleuiabit
1182 3030 1260 3076 eum
1286 3007 1458 3076 dominus,
1499 3007 1542 3074 Et

367 3114 396 3182 si
420 3113 453 3182 in
479 3114 631 3203 peccatis
656 3114 716 3182 sit:
741 3115 956 3183 dimittentur
976 3115 1018 3183 ei.
1058 3113 1153 3184 Cura
1174 3137 1363 3203 quesumus
1387 3115 1542 3203 redemp-

367 3235 422 3289 tor
447 3233 576 3289 noster.
600 3221 716 3310 gratia
747 3222 856 3290 sancti
888 3221 1042 3311 spiritus.
1067 3223 1258 3309 languores
1289 3221 1388 3290 istius
1418 3221 1543 3289 infirmi

367 3342 400 3396 et
425 3352 489 3396 sua
513 3352 597 3397 sana
622 3330 775 3397 uulnera.
801 3329 945 3419 ejusque
976 3341 1119 3419 peccata
1150 3328 1292 3396 dimitte.
1317 3342 1421 3418 atque
1451 3328 1543 3397 dolo·

368 3459 426 3504 res
451 3449 597 3505 cunctos
628 3437 744 3504 cordis
774 3449 808 3504 et
840 3437 999 3525 corporis
1024 3439 1067 3505 ab
1099 3460 1142 3504 eo
1167 3437 1310 3525 expelle.
1336 3437 1544 3525 plenamque

368 3543 397 3611 ei
423 3543 566 3612 interius
597 3544 820 3633 exteriusque
851 3543 1034 3613 sanitatem
1064 3543 1337 3612 misericorditer
1362 3545 1481 3613 redde.
1506 3556 1544 3611 vt

368 3674 436 3739 ope
461 3650 698 3719 misericordie
723 3665 780 3719 tue
804 3651 984 3720 restitutus
1004 3665 1038 3720 et
1063 3665 1214 3720 sanatus.
1238 3653 1281 3720 ad
1307 3651 1451 3741 pristina
1476 3651 1543 3740 pie-

367 3758 447 3826 tatis
471 3771 530 3826 tue
555 3757 670 3826 officia
694 3771 887 3846 reparetur.
934 3759 972 3827 P.

473 3866 547 3948 An.
573 3873 689 3964 Opem
714 3874 802 3943 ferat
826 3875 906 3943 huic
931 3876 1067 3944 infirmo
1092 3876 1179 3944 deus
1203 3899 1309 3966 super
1334 3875 1460 3943 lectum
1485 3876 1544 3942 do·

367 3990 453 4060 loris
478 3991 562 4060 eius.
588 3991 662 4080 ipse
686 4005 873 4060 conservet
897 4015 976 4061 eum
1001 4006 1036 4061 et
1061 3991 1210 4062 vivificet
1234 4015 1321 4062 eum.

474 4099 677 4190 Pstalmus)
703 4107 822 4177 Sancti
846 4132 1006 4198 qnorum.
1306 4097 1310 4108 ’

478 4350 496 4416 ¹)
516 4349 572 4405 Die
596 4349 753 4421 folgenden
778 4349 941 4417 orationeS,
967 4349 1081 4402 welche
1104 4347 1265 4403 wiederum
1283 4347 1453 4402 abweichen
1474 4365 1544 4401 vom

369 4438 425 4494 Rit.
442 4439 538 4510 Rom,
557 4439 621 4494 sind
640 4439 687 4494 bei
706 4439 779 4494 aller
794 4438 977 4494 Einsachheit
996 4440 1054 4493 und
1074 4437 1171 4494 Kdrze
1190 4446 1324 4493 ausserst
1341 4437 1546 4508 ansprechend

370 4529 426 4582 und
447 4529 544 4584 sehon.
