3534 5392
464 667 602 746 Sancte
627 699 743 744 marce
1311 698 1373 742 ora
1398 697 1463 762 pro
1488 696 1530 740 eo

464 793 602 872 Sancte
626 803 703 868 luca
1309 824 1371 867 ora
1397 823 1461 888 pro
1487 822 1529 866 eo

464 919 604 998 Omnes
628 927 738 995 sancti
762 927 911 1016 apostoli
937 939 971 994 et
991 926 1229 1012 euangelistae
1274 938 1373 994 orate
1397 949 1462 1014 pro
1487 948 1530 993 eo

462 1062 601 1141 Sancte
625 1071 794 1159 stephane
1310 1093 1373 1138 ora
1398 1093 1463 1158 pro
1487 1093 1530 1137 eo

463 1189 600 1268 Sancte
624 1197 777 1264 clemens
1312 1219 1375 1263 ora
1399 1219 1464 1284 pro
1489 1220 1531 1262 eo

461 1314 598 1393 Sancte
622 1322 769 1390 laurenti
1309 1345 1371 1389 ora
1397 1345 1462 1410 pro
1487 1345 1529 1389 eo

463 1439 601 1520 Sancte
625 1445 774 1516 vincenti
1311 1471 1373 1515 ora
1398 1470 1463 1536 pro
1488 1470 1530 1514 eo

466 1566 604 1645 Omnes
629 1574 738 1641 sancti
764 1574 925 1642 martires
1275 1585 1373 1641 orate
1398 1595 1463 1660 pro
1489 1595 1530 1639 eo

463 1708 600 1789 Sancte
624 1717 784 1785 siluester
933 1765 934 1768 ,
1312 1741 1375 1784 ora
1399 1740 1464 1804 pro
1489 1741 1531 1783 eo

464 1834 601 1915 Sancte
625 1842 771 1910 martine
1313 1866 1375 1910 ora
1400 1865 1465 1930 pro
1490 1865 1532 1908 eo

465 1961 602 2042 Sancte
625 1969 758 2036 nicolae
1311 1992 1373 2037 ora
1398 1992 1463 2057 pro
1488 1991 1530 2036 eo

463 2087 600 2168 Sancte
624 2094 804 2162 benedicte
1312 2118 1375 2162 ora
1399 2117 1464 2183 pro
1490 2117 1532 2162 co

465 2214 603 2293 Omnes
627 2205 736 2288 sancti
763 2220 984 2288 confessores
1275 2233 1373 2288 orate
1397 2243 1462 2309 pro
1487 2244 1529 2288 eo

465 2358 603 2437 Sancta
628 2364 738 2432 maria
764 2363 969 2452 magdalena
1313 2388 1376 2432 ora
1400 2387 1465 2453 pro
1491 2388 1533 2432 eo

465 2481 600 2565 Sancta
626 2490 715 2558 lucia
1314 2514 1377 2558 ora
1401 2513 1467 2579 pro
1491 2514 1534 2558 eo

468 2607 602 2691 Sancta
627 2615 746 2684 cecilia
1313 2639 1376 2683 ora
1400 2638 1465 2703 pro
1491 2639 1533 2683 eo

469 2733 603 2817 Sancta
629 2754 828 2827 margareta
1314 2764 1377 2809 ora
1401 2764 1466 2830 pro
1491 2765 1533 2808 eo

468 2858 602 2942 Sancta
627 2867 807 2954 gertrudis
1314 2890 1376 2934 ora
1401 2889 1465 2953 pro
1491 2890 1533 2934 eo

467 2983 602 3067 Sancta
627 2995 798 3061 dorothea
1314 3009 1376 3059 ora
1401 3015 1465 3080 pro
1491 3015 1533 3060 eo

466 3111 605 3190 Omnes
630 3131 749 3188 sancte
775 3118 932 3206 virgines
958 3132 991 3186 et
1017 3119 1120 3186 vidue
1279 3132 1377 3187 orate
1402 3141 1466 3206 pro
1492 3141 1535 3185 eo

467 3237 605 3316 Omnes
630 3244 739 3313 sancti
1279 3257 1377 3312 orate
1401 3267 1466 3332 pro
1491 3266 1533 3310 eo

466 3380 656 3477 Propicius
680 3402 757 3456 esto
1209 3408 1315 3475 parce
1339 3386 1369 3454 ei
1394 3385 1535 3454 domine

467 3506 656 3602 Propicius
681 3525 757 3581 esto
1143 3512 1267 3580 exaudi
1292 3535 1371 3579 eum
1396 3511 1536 3578 domine

467 3631 657 3729 Propicius
686 3651 762 3706 esto
1160 3637 1267 3705 libera
1291 3659 1369 3705 eum
1395 3636 1535 3704 domine

466 3755 530 3839 Ab
554 3765 648 3832 omni
673 3765 763 3832 malo
1161 3764 1268 3831 libera
1294 3786 1371 3830 eurn
1397 3762 1535 3830 domine

467 3881 530 3965 Ab
555 3889 686 3958 insidiis
711 3889 837 3958 diaboli
1160 3889 1268 3958 libera
1293 3911 1371 3956 eum
1397 3887 1536 3955 domine

466 4006 507 4090 A
530 4015 712 4084 subitanea
735 4028 769 4083 et
793 4015 983 4103 improuisa
1007 4028 1119 4083 morte
1155 4014 1186 4082 l'.

467 4131 508 4215 A
531 4139 682 4229 peccatis
706 4141 779 4209 suis
947 4205 951 4214 ,
1158 4141 1265 4208 libera
1292 4161 1370 4206 eum
1396 4137 1537 4206 domine

468 4257 531 4341 Ab
557 4266 752 4354 egritudine
776 4290 838 4336 sua
1164 4265 1272 4333 libera
1295 4286 1373 4332 eum
1399 4262 1537 4331 domine

469 4383 510 4467 A
534 4405 645 4460 morte
670 4405 838 4482 perpetua
1159 4391 1266 4459 libera
1291 4412 1369 4457 cum
1395 4388 1536 4456 domine

468 4508 509 4592 A
532 4519 629 4608 penis
655 4518 777 4586 inferni
1162 4518 1269 4584 libera
1294 4538 1372 4584 eum
1398 4513 1537 4582 domine
