3570 5402
804 501 845 548 21

234 663 423 752 imaginem
457 674 553 728 tuam
587 660 689 728 facto.
719 660 797 726 ideo
831 657 1062 746 inseparabile
1096 657 1248 726 mulieris
1282 657 1412 748 adjuto-

210 772 323 838 'rium
348 768 544 838 condidisti.
570 781 606 835 vt
630 767 778 834 femineo
810 765 950 856 corpori
983 767 1026 833 de
1058 764 1145 834 virili
1178 789 1283 833 earne
1308 769 1411 836 dares

235 877 443 967 principium
469 877 614 943 docens:
648 875 741 962 quod
773 897 815 941 ex
841 897 910 941 vno
942 872 1129 962 placuisset
1154 873 1294 943 institui.
1319 899 1412 943 num·

236 1009 340 1074 quam
367 985 485 1052 liceret
509 982 669 1070 disjungi.
717 981 785 1049 Per
811 981 905 1049 crist.
931 981 1021 1048 dom¹

776 1161 867 1228 Item.
883 1229 885 1234 ,

320 1289 444 1365 'Deus
468 1295 526 1384 qui
559 1309 628 1363 tam
662 1295 841 1362 excellenti
873 1293 1028 1362 misterio
1060 1294 1279 1383 conjugalem
1309 1318 1412 1384 copu-

236 1416 302 1481 lam
328 1412 552 1481 consecrasti.
600 1411 647 1480 Ut
679 1411 774 1479 cristi
806 1424 840 1479 et
871 1409 1016 1478 ecclesie
1048 1424 1303 1478 sacramentum
1336 1436 1411 1501 pre·

235 1522 397 1608 signares
431 1521 464 1587 in
499 1520 620 1587 ledere
652 1518 867 1607 nupciarum.
924 1519 1021 1585 Deus
1054 1542 1117 1607 per
1150 1542 1253 1608 quem
1291 1521 1412 1590 mulier

230 1629 390 1717 jungitur
414 1629 503 1695 viro,
528 1640 562 1695 et
593 1627 744 1694 societas
777 1625 1012 1715 principaliter
1044 1626 1212 1693 ordinata.
1238 1650 1278 1694 ea
1312 1630 1412 1696 bene·

235 1735 385 1803 dictione
417 1737 565 1802 donatur
597 1757 665 1821 que
688 1734 773 1801 sola.
800 1756 861 1800 nec
894 1757 956 1821 per
987 1733 1167 1820 originalis
1199 1734 1332 1822 peccati
1356 1758 1411 1823 pe-

236 1866 327 1910 nam.
361 1864 423 1909 nec
453 1865 515 1929 per
546 1841 662 1930 diluvij
687 1853 740 1908 est
765 1840 880 1907 ablata
904 1840 1119 1908 sententiam.
1160 1841 1310 1930 Respice
1334 1865 1411 1930 pro-

236 1949 348 2037 picius
379 1971 485 2037 super
510 1949 598 2015 hanc
630 1947 793 2015 famulam
831 1961 935 2014 tuam.
966 1971 1033 2036 que
1062 1948 1208 2016 maritali
1229 1948 1410 2038 jungenda

239 2057 427 2124 consortio,
461 2068 495 2123 et
526 2070 584 2123 tua
618 2078 656 2122 se
690 2055 820 2144 expetit
853 2054 1071 2143 protectione
1107 2055 1241 2124 muniri.
1290 2055 1343 2124 Sit
1377 2056 1410 2124 in

238 2187 278 2231 ea
306 2164 431 2252 jugum
465 2163 657 2230 dilectionis
690 2176 723 2229 et
755 2162 861 2250 pacis.
909 2161 1036 2229 Fidelis
1067 2174 1100 2230 et
1125 2175 1221 2229 casta
1247 2165 1351 2230 nubat
1376 2164 1409 2231 in

239 2270 356 2338 cristo,
403 2270 640 2359 lmitatrixque
664 2283 862 2337 sanctarum
887 2282 1089 2356 permaneat
1107 2268 1324 2338 feminarum.
1360 2270 1411 2339 Sit

236 2377 393 2444 amabilis
425 2377 502 2445 viro
536 2390 573 2445 vt
605 2378 733 2445 rachel.
782 2375 932 2465 Sapiens
964 2389 1000 2443 vt
1030 2369 1200 2445 rebecca.¹
1240 2377 1410 2465 longeva

235 2495 268 2549 et
293 2483 404 2552 fidelis
429 2498 466 2552 vt
491 2507 581 2553 sara.
629 2485 742 2552 Nichil
767 2485 800 2551 in
825 2507 866 2551 ea
890 2507 933 2551 ex
954 2485 1087 2551 actibus
1112 2483 1183 2551 suis
1208 2497 1331 2552 auctor
1355 2485 1410 2553 ille

238 2591 524 2677 preuaricationis
557 2604 712 2679 usurpet.
759 2592 858 2659 Nexa
890 2591 979 2659 fidei.
1011 2591 1250 2678 mandatisque
1279 2615 1411 2680 perma-

239 2710 326 2765 neat.
347 2699 404 2765 vni
424 2701 528 2766 thoro
549 2699 672 2767 iuncta.
704 2697 895 2766 Contactus
916 2699 1051 2766 illicitos
1071 2698 1190 2786 fugiat.
1212 2699 1411 2788 muniatque

239 2803 596 2876 infirmitatemsuam
626 2808 767 2874 robore·
785 2806 973 2895 discipline.
1022 2805 1076 2874 Sit
1100 2808 1307 2874 verecunda.
1333 2830 1411 2895 gra-

240 2911 303 2979 vis
329 2914 463 3000 pudore
488 2913 706 2982 venerabilis.
754 2913 931 2981 Doctrinis
957 2913 1143 2980 celestibus
1168 2914 1313 2982 erudita.
1357 2913 1411 2983 Sit

238 3016 384 3086 fecunda
408 3020 440 3088 in
465 3022 597 3089 subole.
646 3020 698 3090 Sit
730 3023 877 3110 probata
906 3034 940 3088 et
970 3019 1144 3088 innocens.
1171 3033 1204 3088 et
1228 3021 1272 3088 ad
1296 3024 1410 3089 beato·
1446 3050 1449 3058 ¹

238 3147 314 3192 rum
339 3127 492 3216 requiem
518 3141 621 3215 atque
646 3130 690 3196 ad
715 3129 854 3196 celestia
877 3151 988 3215 regna
1012 3128 1150 3215 utrique
1176 3142 1410 3216 permaneant.

237 3244 271 3298 et
297 3233 435 3302 videant
460 3235 549 3303 filios
569 3236 718 3303 filiorum
739 3259 883 3304 suorum
905 3258 1015 3323 usque
1039 3235 1071 3301 in
1088 3235 1229 3304 terciam
1255 3249 1288 3303 et
1313 3259 1411 3323 quar·

238 3354 307 3408 tam
333 3343 606 3429 generationem.
642 3357 675 3410 et
699 3346 744 3411 ad
768 3356 922 3432 optatam
948 3343 1152 3431 perveniant
1183 3356 1409 3412 senectutem.

236 3449 304 3516 Per
330 3451 422 3517 dom.

343 3574 514 3664 Sequatur.
562 3576 635 3644 Pax
661 3577 799 3644 domini.

724 3746 929 3814 Commum'o.

343 3864 595 3942 Benedicimus
614 3874 717 3940 deum
738 3872 799 3940 celi
823 3869 856 3940 et
880 3895 998 3939 coram
1029 3872 1189 3939 omnibus
1215 3871 1412 3939 viuentibus

239 3989 479 4059 confitebimur
504 3990 545 4058 ei.
570 3989 648 4078 quia
673 3989 752 4057 fecit
776 3989 957 4056 nobiscum
983 3988 1257 4057 misericordiam
1283 4010 1392 4056 suam.

721 4159 934 4248 Complenda.

345 4277 551 4381 Quesumus
581 4285 801 4374 omnipotens
827 4285 912 4352 deus
937 4283 1091 4350 instituta
1112 4283 1330 4372 prouidentie
1350 4296 1412 4351 tue

236 4401 293 4490 pio
318 4425 439 4470 amore
463 4416 523 4470 tuo
548 4403 732 4470 comitare:
765 4414 802 4469 vt
833 4424 922 4488 quos
953 4399 1107 4487 legitima
1136 4399 1304 4467 societate
1334 4413 1412 4467 con·

237 4510 355 4578 nectis.
380 4510 533 4598 longeua
558 4534 643 4599 pace
668 4510 856 4577 custodias,
904 4509 941 4576 P.

263 4633 284 4674 J.
300 4634 430 4686 Frotson,
446 4634 557 4676 Manuale.
659 4635 661 4639 “
1200 4633 1217 4685 4
