3534 5392
781 476 823 541 47

321 633 372 710 Et
406 641 477 708 dixi
509 640 655 708 forsitan
690 642 832 708 tenebre
867 641 1119 708 conculcabunt
1150 663 1222 708 me:
1257 653 1290 707 et
1321 662 1390 707 nox

213 757 417 828 illuminatio
443 780 536 824 mea:
561 755 592 823 in
618 755 749 844 delicijs
774 756 860 823 meis

323 866 419 969 Quia
451 874 594 940 tenebre
625 895 694 939 non
719 874 998 940 obscurabuntur
1022 896 1042 940 a
1066 885 1116 940 te:
1149 886 1182 940 et
1207 895 1277 940 nox
1301 871 1391 939 sicut

214 991 290 1059 dies
314 989 571 1057 illuminabitur.
597 987 686 1056 sicut
710 990 854 1056 tenebre
878 989 962 1057 eius.
988 989 1033 1056 ita
1058 1002 1091 1056 et
1116 989 1229 1056 lumen
1255 988 1340 1055 eius.

323 1098 418 1201 Quia
455 1118 491 1172 tu
526 1104 715 1193 possedisti
744 1127 847 1173 renes
883 1128 994 1173 meos:
1036 1104 1220 1194 suscepisti
1257 1126 1311 1171 me
1345 1105 1390 1171 de

187 1235 191 1242 '
215 1209 315 1292 utero
340 1221 462 1290 matris
487 1245 572 1290 mee.

322 1329 531 1409 Confitebor
556 1338 615 1405 tibi
648 1338 728 1426 quia
759 1338 959 1406 terribiliter
989 1338 1232 1427 magnificatus
1256 1361 1305 1406 es.
1333 1338 1391 1404 mi·

214 1455 335 1524 rabilia
360 1477 470 1544 opera
494 1467 567 1521 tua:
592 1467 625 1521 et
650 1454 762 1522 anima
788 1477 865 1522 mea
890 1468 1082 1543 cognoscet
1106 1454 1217 1523 nimis

321 1563 406 1641 Non
441 1584 494 1638 est
528 1571 736 1639 occultatum
770 1594 811 1638 os
845 1595 959 1639 meum
991 1595 1011 1638 a
1043 1584 1076 1639 te
1101 1572 1194 1660 quod
1223 1570 1333 1638 fecisti
1357 1570 1390 1638 in

214 1688 367 1756 occulto:
393 1699 427 1755 et
451 1687 644 1755 substantia
670 1711 746 1754 mea
771 1687 804 1754 in
830 1688 1053 1755 inferioribus
1077 1701 1181 1755 terre.

322 1795 571 1890 Imperfectum
606 1826 721 1870 meum
755 1803 917 1871 viderunt
950 1803 1041 1871 oculi
1074 1803 1132 1872 tui.
1167 1816 1200 1870 et
1234 1803 1267 1872 in
1301 1804 1390 1870 libro

216 1931 276 1986 tuo
301 1941 420 1986 omnes
444 1920 650 1987 scribentur.
675 1921 749 1987 dies
774 1920 1017 1987 formabuntur
1041 1932 1075 1986 et
1100 1941 1202 1986 nemo
1228 1919 1260 1986 in
1286 1919 1345 1987 eis
1374 2012 1378 2020 .

325 2023 438 2104 Michi
469 2049 584 2104 autem
614 2037 714 2103 nimis
744 2036 963 2103 honorificati
987 2049 1067 2103 sunt
1091 2035 1191 2103 amici
1215 2035 1263 2102 tui
1294 2036 1390 2104 deus.

217 2151 317 2218 nimis
341 2152 558 2220 confortatus
583 2165 636 2220 est
661 2152 874 2241 principatus
899 2175 1032 2248 eorum.

321 2259 564 2337 Dinumerabo
595 2292 657 2336 eos
691 2280 725 2335 et
759 2291 864 2356 super
898 2291 1040 2336 arenam
1074 2269 1391 2357 multiplicabuntur

214 2384 397 2451 exsurrexi
421 2397 455 2451 et
479 2385 592 2451 adhuc
617 2407 694 2452 sum
719 2397 841 2452 tecum.

322 2491 367 2575 Si
392 2501 563 2569 occideris
588 2503 674 2569 deus
702 2515 923 2590 peccatores:
956 2501 1020 2570 viri
1052 2501 1261 2590 sanguinum
1291 2502 1391 2569 decli-

214 2630 333 2685 natea
358 2640 422 2684 me.

323 2725 420 2828 Quia
445 2734 557 2801 dicitis
581 2734 614 2801 in
640 2735 854 2822 cogitatione
879 2736 1049 2824 accipiant
1078 2737 1110 2802 in
1138 2736 1289 2804 vanitate
1314 2735 1391 2802 ciui-

214 2863 303 2917 tates
328 2873 421 2918 suas,
872 2837 874 2842 ¹

321 2958 451 3036 Nonne
476 2966 533 3054 qui
558 2966 670 3034 oderit
695 2980 729 3034 te
754 2969 892 3035 domine
917 2969 1071 3036 oderam.
1098 2982 1131 3037 et
1155 2992 1262 3058 super
1286 2969 1391 3037 inimi·

215 3105 277 3150 cos
301 3095 381 3151 tuos
405 3085 639 3151 tabescebam.

321 3191 489 3268 Perfecto
510 3200 592 3267 odio
613 3202 756 3268 oderam
778 3201 854 3269 illos
874 3215 908 3269 et
928 3201 1052 3269 inimici
1073 3202 1152 3269 lacti
1173 3214 1252 3270 sunt
1278 3201 1390 3270 michi.

321 3317 444 3394 Proba
479 3349 533 3393 me
564 3327 650 3393 deus
682 3339 715 3393 et
740 3328 827 3394 scito
859 3351 921 3395 cor
946 3350 1076 3395 meum:
1110 3327 1290 3415 interroga
1325 3351 1389 3394 me.

215 3455 249 3510 et
275 3459 452 3528 cognosce
476 3443 618 3510 semitas
644 3465 750 3511 meas.
1374 3447 1377 3454 ’

322 3551 373 3628 Et
394 3558 473 3624 vide
497 3558 526 3625 si
552 3559 608 3626 via
632 3559 820 3648 iniquitatis
853 3560 885 3627 in
911 3583 966 3627 me
991 3574 1054 3629 est.
1081 3574 1114 3628 et
1141 3561 1253 3628 deduc
1277 3561 1309 3626 in
1335 3560 1391 3626 via

215 3688 345 3744 eterna.

740 3909 871 3977 Oratt'o.

323 4072 481 4154 Oremus
517 4083 644 4150 fratres
679 4080 853 4150 karissimi
896 4105 960 4170 pro
1000 4082 1125 4171 spiritu
1167 4081 1238 4148 cari
1278 4080 1390 4147 nostri

215 4221 318 4286 quern
352 4198 513 4266 dominus
543 4200 586 4266 de
619 4200 744 4287 laqueo
776 4200 878 4267 huius
910 4199 1018 4266 seculi
1049 4198 1197 4265 liberare
1227 4196 1390 4284 dignatus

214 4318 277 4374 est.
304 4305 400 4374 cuius
425 4307 673 4394 corpusculum
697 4307 801 4374 hodie
826 4308 1004 4396 sepulture
1034 4305 1192 4372 traditur.
1240 4303 1287 4372 Ut
1311 4325 1389 4370 eum

214 4414 326 4499 pictas
361 4413 489 4481 domini
524 4413 556 4480 in
591 4436 682 4501 synu
716 4415 856 4482 abrahe.
888 4415 991 4482 isaac.
1022 4426 1056 4480 et
1087 4412 1187 4480 iacob
1217 4412 1391 4479 collocare

214 4521 388 4608 dignetur.
422 4534 458 4589 vt
493 4543 572 4588 curn
602 4521 675 4588 dies
707 4521 820 4610 iudicij
853 4521 1032 4589 aduenerit
1065 4521 1153 4588 inter
1185 4532 1326 4587 sanctos
1357 4532 1391 4586 et
