3570 5402
906 454 947 499 10

337 607 447 674 rectio
473 619 702 675 mortuorum.
728 620 762 676 te
795 608 919 676 inuoco
954 632 1061 698 super
1095 609 1186 677 hunc
1220 609 1385 678 famulum
1419 622 1515 678 tuum

337 713 380 782 N.
405 713 462 802 qui
486 714 648 803 baptismi
673 715 721 782 tui
750 716 841 782 dona
865 716 958 805 petit.
984 738 1024 784 ac
1056 729 1212 784 eternam
1242 716 1409 805 consequi
1438 739 1515 805 gra·

338 821 420 889 tiam
441 821 587 910 spiritali
607 822 875 909 regeneratione
894 823 1080 891 desiderat.
1121 823 1253 912 Accipe
1274 847 1354 891 eum
1378 823 1516 892 domine

339 926 382 995 Et
406 929 464 1017 qui
493 928 658 1017 dignatus
687 952 726 997 es
751 929 885 998 dicere:
917 930 1024 1019 petite
1047 944 1082 998 et
1112 930 1300 1020 accipietis.
1325 931 1459 1019 querite
1483 945 1516 999 et

339 1034 530 1104 invenietis.
560 1037 697 1124 pulsate
726 1048 760 1104 et
784 1036 960 1126 aperietur
983 1037 1095 1106 vobis.
1142 1037 1276 1105 Petenti
1301 1038 1417 1126 itaque
1441 1061 1516 1127 pre·

340 1142 444 1210 mium
469 1144 625 1232 porrige.
656 1145 805 1233 pulsanti
828 1145 970 1233 januam
994 1146 1117 1234 pande.
1143 1157 1180 1212 vt
1206 1157 1362 1213 eternam
1386 1145 1516 1214 celistis

338 1250 469 1320 lauacri
507 1251 781 1321 misericordiam
815 1265 1035 1321 consecutus.
1074 1252 1248 1342 promissa
1281 1253 1330 1320 tui
1363 1253 1516 1321 muneris

340 1379 450 1445 regna
474 1357 652 1447 percipiat.

446 1465 553 1562 Ergo
577 1476 769 1544 maledicte.

757 1628 870 1719 Super
892 1631 1092 1697 masculum.

446 1753 547 1831 Audi
574 1762 757 1830 maledicte
777 1765 938 1831 sathana:
963 1764 1143 1852 adjuratus
1167 1786 1230 1852 per
1255 1785 1382 1830 nomen
1406 1761 1517 1830 eterni

340 1876 406 1944 dei.
443 1889 476 1945 et
512 1877 700 1946 salvatoris
735 1879 847 1947 nostri
879 1880 977 1948 ihesu
1011 1879 1106 1947 cristi
1137 1878 1195 1969 filij
1230 1878 1315 1947 eius
1348 1902 1426 1947 cum
1458 1891 1517 1946 tua

341 1983 454 2054 victus
488 1984 628 2053 inuidia:
664 1997 828 2054 tremens,
865 2009 1081 2074 gemensque
1114 1986 1266 2055 discede.
1313 1985 1426 2054 Nichil
1457 1985 1517 2054 tibi

340 2092 385 2159 sit
409 2114 594 2160 commune
624 2115 701 2161 cum
726 2115 833 2161 servo
863 2093 917 2161 dei
941 2093 983 2162 N.
1004 2094 1077 2182 jam
1110 2092 1250 2161 celestia
1274 2092 1442 2181 cogitanti
1467 2116 1517 2160 re·

340 2199 546 2268 nunciaturo
567 2200 628 2268 tibi
648 2212 682 2268 et
700 2201 818 2268 seculo
839 2213 909 2269 tuo.
931 2213 965 2269 et
985 2202 1086 2269 beate
1106 2199 1355 2268 immortalitati
1380 2200 1517 2269 victuro

340 2305 395 2374 Da
413 2306 518 2395 igitur
536 2307 705 2376 honorem
724 2308 920 2376 aduenienti
932 2308 1067 2398 spiritui
1085 2320 1218 2376 sancto.
1243 2307 1300 2397 qui
1320 2331 1363 2375 ex
1382 2330 1517 2376 summa

340 2414 405 2483 celi
435 2437 516 2482 arce
546 2416 772 2484 descendens
811 2416 1023 2505 perturbatis
1062 2415 1242 2483 fraudibus
1282 2414 1360 2482 tuis.
1401 2414 1517 2482 diuino

341 2521 437 2590 fonte
460 2535 650 2611 purgatum
674 2535 807 2612 pectus.
833 2523 866 2590 id
897 2535 950 2591 est
978 2522 1229 2591 sanctificatum
1258 2523 1325 2590 deo
1350 2522 1517 2611 templum

341 2641 375 2697 et
399 2629 631 2697 habitaculum
662 2629 828 2719 perficiat.
876 2629 922 2698 Ut
954 2631 998 2698 ab
1023 2629 1183 2697 omnibus
1214 2629 1351 2718 penitus
1375 2629 1517 2718 preteri-

340 2750 455 2804 torum
482 2736 659 2805 criminum
685 2736 798 2806 noxiis
824 2737 989 2805 liberatus
1014 2738 1069 2805 hic
1089 2759 1215 2805 seruus
1239 2736 1293 2804 dei
1314 2736 1355 2805 N.
1381 2735 1517 2824 gratias

342 2844 509 2933 perhenni
542 2846 608 2912 deo
650 2844 779 2912 referat
817 2867 967 2934 semper.
1002 2857 1035 2913 et
1067 2843 1248 2912 benedicat
1282 2867 1408 2911 nomen
1442 2843 1517 2911 eius

341 2964 499 3020 sanctum
524 2951 557 3018 in
582 2952 699 3020 secula
723 2953 921 3022 seculorum
946 2953 1070 3020 Amen.

448 3059 555 3155 Ergo
579 3068 772 3137 maledicte.

769 3238 882 3328 Super
904 3243 1082 3306 rarusculos.

449 3364 630 3443 Exorcizo
665 3386 699 3441 te
734 3373 910 3441 immunde
944 3373 1086 3462 spiritus
1118 3373 1151 3440 in
1182 3371 1320 3440 nomine
1350 3371 1461 3460 patris
1485 3383 1518 3437 et

342 3490 399 3579 filij
425 3503 459 3558 et
483 3490 626 3579 spiritus
650 3489 760 3557 sancti
786 3504 822 3558 vt
856 3512 962 3558 exeas
993 3503 1026 3557 et
1051 3489 1196 3557 recedas
1227 3489 1272 3557 ab
1296 3488 1363 3556 hoc
1388 3486 1517 3554 famulo

342 3597 398 3666 dei
422 3597 464 3666 N.
512 3597 590 3686 lpse
624 3597 714 3665 enim
747 3597 894 3687 imperat
927 3597 987 3665 tibi
1020 3596 1202 3664 maledicte
1233 3596 1430 3685 dampnate.
1459 3593 1518 3683 qui

343 3705 490 3794 pedibus
526 3704 599 3772 suis
634 3727 740 3794 super
777 3727 874 3773 mare
908 3703 1107 3773 ambulavit.
1141 3716 1173 3770 et
1209 3717 1310 3792 petro
1344 3700 1518 3789 mergenti

342 3813 523 3880 dexteram
549 3812 714 3901 porrexit.

448 3921 556 4017 Ergo
582 3928 771 3997 maledicte.

783 4099 895 4190 Super
908 4102 1072 4187 seminus.

450 4225 632 4304 Exorcizo
648 4250 681 4304 et
702 4235 877 4304 immunde
896 4234 1049 4324 spiritus.
1067 4257 1130 4323 per
1150 4247 1283 4324 patrem
1305 4246 1338 4300 et
1358 4231 1464 4299 filium
1485 4245 1518 4300 et

344 4351 503 4438 spiritum
536 4367 693 4421 sanctum
726 4366 763 4420 rt
788 4375 894 4420 exeas
919 4365 951 4418 et
975 4352 1121 4419 recedas
1153 4352 1196 4418 ab
1223 4350 1288 4417 hac
1312 4348 1439 4416 famula
1464 4348 1518 4415 dei

344 4457 386 4527 N.
421 4459 495 4548 ipse
534 4461 624 4528 enim
658 4460 719 4529 tibi
753 4460 900 4549 imperat
938 4459 1119 4528 maledicte
1153 4459 1301 4526 dannate
1339 4454 1397 4543 qui
1435 4477 1518 4521 ceco
