3534 5392
835 516 877 583 25

270 696 347 740 nem
373 671 421 740 tui
445 672 593 739 nominis
624 671 795 759 benignus
827 671 952 740 assiste
977 685 1013 738 ut
1044 672 1208 739 famulum
1233 686 1328 740 tuum
1354 673 1385 740 N
1411 673 1444 739 li-

270 784 429 848 beratum
454 779 660 867 egritudine.
686 792 720 847 et
751 780 897 847 sanitate
931 781 1095 846 donatum
1126 779 1324 848 confirmes,
1350 793 1443 868 pote·

270 901 360 956 state
385 887 525 955 tuearis.
551 886 697 955 ecclesie
721 900 780 955 tue
803 900 922 955 sancte
953 887 1188 975 altaribusque
1212 888 1281 955 tuis
1305 887 1443 956 sanctis

271 1019 349 1064 curn
374 995 534 1063 omnibus
559 995 757 1063 desiderata
782 994 1015 1083 prosperitate
1039 1008 1261 1084 representes
1285 997 1325 1061 P.

378 1140 443 1206 Iste
466 1139 705 1206 benedictiones
734 1140 947 1223 mfirmorum
967 1149 1114 1229 possum
1142 1141 1211 1207 dr'cr'
1232 1141 1444 1227 quandocun-

272 1271 335 1335 qm
359 1249 479 1336 ploret.
513 1249 585 1313 sim
618 1247 755 1334 quondo
789 1248 946 1331 infirmus
979 1256 1110 1314 tuntum
1144 1248 1243 1314 mrodo
1277 1249 1444 1314 vestiotur.

271 1357 343 1422 siue
366 1355 503 1442 quando
527 1356 757 1421 communicat.
782 1356 854 1421 sme
878 1355 1015 1442 quando
1033 1357 1248 1445 perungitur.

794 1531 924 1601 Orutzb.

378 1660 554 1737 Dominus
570 1667 692 1755 jhesus
712 1666 873 1736 Christus
898 1669 990 1755 apud
1015 1681 1048 1735 te
1072 1668 1126 1736 sit.
1152 1681 1189 1736 vt
1214 1681 1248 1736 te
1272 1668 1443 1736 defendat.

272 1785 365 1852 lntra
390 1798 423 1851 te
447 1784 501 1852 sit.
527 1796 564 1851 vt
595 1796 628 1851 te
659 1783 800 1851 reficiat.
847 1783 952 1852 Circa
983 1799 1017 1852 te
1041 1784 1094 1852 sit.
1121 1797 1157 1852 vt
1189 1797 1222 1852 te
1247 1801 1443 1854 conseruet.

273 1904 352 1958 ante
376 1903 409 1958 te
433 1891 485 1958 sit.
511 1903 548 1958 vt
571 1901 606 1959 te
629 1892 786 1961 deducat.
829 1892 913 1960 Post
938 1904 972 1959 te
996 1892 1050 1961 sit.
1076 1904 1112 1959 vt
1137 1904 1171 1960 te
1195 1891 1365 1959 iustificet.
1391 1915 1444 1959 su-

274 2022 337 2087 per
361 2011 395 2066 te
418 1998 472 2066 sit.
497 2010 535 2066 vt
559 2011 593 2066 te
617 1999 807 2067 benedicat.
855 1999 923 2086 Qui
949 2022 1027 2067 curn
1053 2011 1162 2088 patre.

814 2179 904 2247 Item.

379 2306 575 2382 Benedicat
599 2326 633 2382 te
658 2315 744 2382 deus
769 2327 878 2403 pater.
903 2327 1002 2382 sanet
1033 2327 1067 2382 te
1096 2314 1149 2381 dei
1178 2314 1276 2382 filius.
1325 2315 1445 2382 Illumi-

273 2443 330 2498 net
364 2443 398 2498 te
431 2431 573 2519 spiritus
607 2444 748 2500 sanctus
782 2454 910 2519 corpus
944 2444 1040 2499 tuum
1080 2431 1261 2498 custodiat.
1296 2432 1445 2500 animam

273 2551 366 2606 tuam
391 2539 512 2607 saluet.
538 2563 599 2607 cor
635 2553 731 2608 tuum
765 2539 913 2607 irradiet.
945 2560 1084 2607 sensum
1119 2551 1215 2606 tuum
1247 2537 1386 2626 dirigat.
1412 2552 1447 2607 et

273 2646 317 2712 ad
341 2668 529 2734 supernam
553 2647 660 2715 vitam
685 2659 718 2715 te
742 2647 918 2735 perducat.
960 2646 997 2713 P.
1024 2644 1107 2714 Chr.

817 2825 905 2893 Item.

381 2941 577 3028 Benedicat
602 2973 636 3028 te
660 2961 746 3027 deus
771 2971 870 3048 pater
894 2958 951 3047 qui
977 2960 1008 3026 in
1034 2959 1203 3047 principio
1228 2973 1351 3027 cuncta
1376 2984 1446 3028 cre-

274 3075 354 3144 auit.
380 3075 560 3144 benedicat
585 3089 619 3144 te
642 3075 697 3144 dei
722 3075 828 3160 filius,
862 3076 918 3163 qui
950 3077 993 3142 de
1025 3076 1185 3163 supernis
1214 3077 1355 3144 sedibus
1381 3101 1445 3165 pro

273 3183 373 3251 nobis
407 3184 562 3252 saluator
596 3182 784 3252 descendit.
832 3183 1018 3251 Benedicat
1052 3195 1085 3250 te
1119 3183 1261 3271 spiritus
1293 3196 1445 3252 sanctus

275 3291 333 3381 qui
367 3290 399 3358 in
433 3291 549 3379 specie
583 3292 743 3358 columbe
785 3291 817 3358 in
852 3290 990 3358 flumine
1024 3290 1177 3358 iordanis
1211 3290 1383 3379 requieuit
1416 3290 1447 3357 in

273 3396 402 3466 Crist0.
451 3398 529 3487 Ipse
560 3410 594 3466 te
627 3399 659 3465 in
693 3398 846 3467 trinitate
865 3398 1064 3466 sanctificet.
1090 3421 1195 3485 quem
1220 3421 1341 3466 omnes
1365 3422 1448 3486 gen-

274 3517 327 3573 tes
352 3519 537 3573 venturum
562 3518 747 3595 expectant
771 3507 814 3573 ad
839 3505 1008 3573 iudicium.
1055 3505 1124 3592 Qui
1149 3529 1227 3572 cum
1252 3529 1322 3594 pre.

816 3685 906 3752 Item

381 3809 498 3890 Sanet
522 3831 556 3887 te
580 3821 666 3889 deus
691 3834 800 3909 pater.
826 3819 937 3908 quite
963 3821 1102 3889 creauit.
1139 3818 1248 3890 Sanet
1272 3834 1306 3889 te
1331 3820 1448 3890 ihesus

275 3935 437 4004 cbristus.
463 3936 520 4026 qui
545 3960 610 4025 pro
642 3949 676 4005 te
706 3960 833 4027 passus
864 3950 917 4006 est
942 3936 1050 4007 Sanet
1081 3950 1115 4006 te
1139 3937 1281 4027 spiritus
1305 3950 1447 4004 sanctus

274 4042 332 4131 qui
365 4043 398 4110 in
430 4057 464 4112 te
497 4044 629 4113 effusus
661 4057 724 4114 est.
772 4044 902 4115 Sancta
934 4045 1067 4114 trinitas
1100 4045 1144 4114 sit
1168 4068 1307 4134 semper
1332 4056 1445 4111 tecum

275 4149 437 4218 omnibus
461 4151 584 4220 diebus
608 4152 690 4221 vite.
715 4153 770 4221 hic
795 4153 885 4221 etin
911 4166 1069 4220 eternum
1094 4176 1203 4221 amen.

815 4313 905 4381 Item.

382 4418 579 4497 Benedicat
598 4442 633 4497 te
652 4430 739 4498 deus
758 4443 868 4519 pater.
893 4430 1005 4517 quite
1026 4429 1167 4497 creauit.
1202 4427 1390 4495 Benedicat
1414 4439 1448 4494 te

274 4544 328 4611 dei
353 4545 453 4614 filius,
488 4546 546 4636 qui
580 4569 645 4635 pro
681 4559 715 4614 te
747 4569 873 4635 passus
908 4559 970 4617 est.
1018 4546 1204 4617 Benedicat
1238 4557 1272 4614 te
1305 4546 1448 4636 spiritus
