3570 5402
813 490 852 556 17

676 645 840 734 Sequitur
863 649 982 713 orutzb.

352 773 456 852 Deus
495 779 672 848 abraham.
715 781 801 848 deus
835 780 939 848 isaac.
974 781 1061 848 deus
1094 780 1205 849 iacob.
1239 779 1315 869 ipse
1354 802 1419 847 vos

242 898 433 986 conjungat
466 896 676 986 impleatque
709 895 985 963 benedictionem
1022 918 1121 963 suam
1156 896 1188 963 in
1221 896 1333 964 vobis,
1381 896 1417 963 ln

242 1005 382 1073 nomine
404 1004 516 1094 patris
540 1017 574 1072 et
598 1003 656 1091 filij
682 1015 716 1071 et
740 1002 883 1092 spiritus
908 1002 1028 1071 sancti.
1076 1003 1199 1071 Amen.

770 1162 902 1231 Oratio.

349 1290 511 1387 Respice
539 1298 583 1365 de
609 1298 683 1365 celo
708 1296 849 1364 domine
869 1309 990 1364 sancto
1015 1309 1075 1364 tuo
1100 1319 1206 1386 super
1230 1298 1319 1365 hanc
1343 1320 1421 1364 con-

241 1413 448 1483 uentionem.
481 1427 515 1481 et
546 1413 636 1480 sicut
666 1411 791 1481 misisti
821 1425 979 1480 sanctum
999 1413 1162 1499 angelum
1182 1425 1279 1481 tuum
1299 1414 1420 1502 rapha·

241 1522 337 1590 elem.
362 1520 491 1589 thobie.
516 1531 550 1587 et
581 1542 670 1588 sare.
695 1519 764 1587 filie
793 1519 959 1607 raguelis.
1014 1520 1063 1589 lta
1095 1519 1250 1608 digneris
1284 1519 1420 1587 mittere

241 1627 516 1696 benedictionem
542 1639 647 1694 tuam.
676 1649 782 1715 super
806 1628 872 1694 hos
896 1626 1016 1695 fideles
1046 1640 1136 1696 tuos.
1161 1641 1198 1695 vt
1222 1627 1255 1694 in
1280 1640 1338 1695 tua
1361 1649 1420 1694 vo·

240 1736 373 1803 luntate
396 1746 634 1823 permaneant.
659 1746 694 1801 et
726 1733 760 1800 in
791 1746 850 1801 tua
881 1734 1069 1802 securitate
1101 1733 1302 1802 consistant.
1328 1746 1362 1802 et
1387 1733 1433 1801 in·

242 1864 364 1909 amore
388 1852 449 1908 tuo
474 1839 593 1908 vivant
617 1853 651 1908 et
680 1852 874 1909 senescant.
900 1854 933 1908 et
962 1841 1229 1930 multiplicentur
1254 1841 1287 1908 in
1312 1841 1420 1930 longi·

242 1946 361 2015 tudine
385 1947 529 2015 dierum.
573 1947 643 2023 Per
668 1947 823 2016 eristum.

724 2107 902 2176 Psalmus
917 2112 938 2191 ¹)

351 2231 456 2309 Beati
482 2262 602 2308 omnes
635 2240 692 2328 qui
721 2241 841 2309 timent
871 2241 1064 2310 dominum:
1097 2241 1155 2330 qui
1186 2243 1363 2311 ambulant
1387 2243 1420 2310 in

190 2345 193 2353 ’
241 2356 309 2424 viis
333 2357 418 2424 eius

349 2463 513 2541 Labores
548 2495 711 2540 manuum
743 2485 880 2542 tuarum
913 2474 993 2563 quia
1025 2475 1265 2543 manducabis:
1297 2477 1421 2544 beatus

241 2610 280 2656 es
304 2599 338 2655 et
362 2589 450 2656 bene
475 2588 536 2658 tibi
560 2589 635 2656 erit.

166 2811 171 2822 '
239 2821 295 2875 der
309 2820 435 2875 Diozese
456 2819 632 2890 Linkbpin
639 2837 659 2891 g
679 2819 866 2888 (Schweden)
882 2821 1047 2876 rubriziert:
1067 2821 1124 2876 Hic
1144 2830 1322 2893 aspergatur
1342 2839 1420 2894 aqua

240 2909 402 2964 benedicta.
441 2909 553 2963 Deinde
577 2925 694 2979 ponens
718 2910 857 2963 annulum
881 2909 957 2964 inter
981 2919 1042 2964 tres
1066 2909 1174 2981 digitos
1199 2910 1299 2988 sponsi
1319 2920 1421 2967 teneat

241 3015 363 3052 manum
378 2997 440 3052 eius
455 3007 485 3052 et
500 2997 636 3068 imponat
651 3015 718 3052 eum
733 3015 826 3069 super
841 2998 979 3068 pollicem
994 2999 1101 3054 dicens.
1132 3000 1162 3053 ln
1179 2999 1300 3055 nomine
1319 3001 1421 3071 patris,

241 3087 350 3142 deinde
364 3087 392 3141 in
407 3087 532 3141 indicem
548 3096 578 3141 et
593 3087 652 3157 filij,
667 3087 774 3142 deinde
793 3088 822 3142 in
843 3088 973 3143 medium
993 3088 1116 3160 digitum
1133 3098 1162 3143 et
1177 3089 1298 3159 spiritus
1317 3090 1419 3146 sancti.

240 3176 346 3232 Amen.
381 3175 443 3230 Das
458 3175 635 3231 Ritualbuch
651 3177 704 3231 der
719 3176 846 3232 Diozese
861 3177 960 3232 Aabo
977 3177 1009 3246 (F
1011 3177 1141 3246 innland)
1162 3179 1214 3233 hat
1233 3179 1280 3234 die
1294 3180 1420 3235 Rubrik:

240 3265 323 3320 Tunc
341 3266 483 3320 sacerdos
503 3274 648 3336 aspergat
667 3283 744 3337 aqua
762 3267 922 3321 benedicta
941 3276 970 3321 et
989 3267 1116 3337 accipiat
1135 3284 1262 3337 sponsus
1281 3268 1420 3323 annulum

240 3355 279 3409 de
305 3355 462 3408 sacerdote
488 3354 604 3409 dicente
629 3364 659 3409 et
684 3355 849 3426 incipiente.
892 3356 942 3410 Ad
969 3356 1104 3427 pollicem
1129 3373 1240 3427 sponse
1264 3357 1348 3412 dicat.
1390 3358 1421 3412 In

240 3443 360 3498 nomine
375 3442 475 3513 patris
509 3443 557 3498 Ad
572 3444 708 3499 indicem.
744 3445 781 3500 Et
795 3445 851 3501 filii.
885 3446 933 3499 Ad
950 3445 1092 3502 medium.
1126 3446 1163 3501 Et
1177 3446 1299 3517 spiritus
1318 3447 1419 3503 sancti.

240 3533 347 3588 Amen.
390 3531 427 3590 Et
451 3531 490 3586 ibi
517 3533 645 3589 dimittat
668 3535 809 3590 annulum
816 3577 824 3604 ,
848 3544 954 3606 postea
980 3535 1121 3590 inclinatis
1148 3536 1290 3606 capitibus
1316 3553 1420 3591 eorum

241 3621 327 3678 dicat.
365 3621 516 3676 Benedicti
539 3623 602 3678 sitis
622 3641 640 3679 a
659 3624 778 3679 domino
798 3625 847 3694 qui
867 3623 936 3679 fecit
957 3625 1101 3680 mundum
1121 3643 1159 3680 ex
1178 3625 1276 3680 nihilo.
1314 3626 1420 3682 Arnen.

240 3711 323 3766 Noch
346 3711 438 3765 heute
463 3711 582 3767 besteht
607 3712 660 3768 der
679 3713 1043 3785 Eheschliessungs·Ritus
1067 3715 1122 3769 des
1145 3713 1222 3769 Man.
1242 3714 1373 3772 Roskild.
1393 3716 1422 3770 in

241 3799 388 3871 England,
415 3801 596 3870 wenigstens
625 3803 654 3857 in
682 3804 735 3857 der
762 3803 970 3859 katholischen
993 3803 1116 3872 Kirche;
1145 3814 1245 3859 zuerst
1266 3805 1340 3860 wird
1368 3806 1421 3860 der

239 3888 317 3960 Ring
336 3890 392 3944 aus
406 3890 454 3944 die
474 3890 610 3947 Daumen
630 3894 683 3948 der
703 3893 793 3948 Braut
812 3893 947 3964 gesteckt
966 3893 1058 3960 (belm
1077 3892 1186 3948 Worte
1205 3894 1323 3964 patris),
1344 3896 1422 3950 dann

240 3977 292 4032 aus
302 3978 489 4051 Zeigefinger
508 3983 549 4049 (et
564 3980 634 4050 fiilii)
655 3992 709 4037 etc.
744 3982 954 4054 Gegenwartig
972 3983 1010 4037 ist
1028 3983 1084 4037 das
1099 3984 1220 4054 Tragen
1241 3984 1295 4038 des
1310 3983 1422 4056 Ringes

241 4066 458 4123 Modesache
478 4070 506 4124 in
522 4070 701 4140 Danemark,
721 4074 746 4128 d.
767 4073 794 4127 h.
815 4090 884 4127 man
903 4073 981 4127 kann
1001 4072 1051 4126 ihn
1071 4081 1176 4144 tragen
1198 4073 1270 4126 oder
1289 4072 1375 4142 nicht,
1394 4073 1423 4128 in

240 4157 294 4211 das
311 4159 557 4228 protestantische
573 4160 691 4215 Rituale
710 4161 748 4216 ist
767 4179 800 4216 er
821 4162 899 4216 nicht
917 4163 1157 4233 bbergegangen.
1193 4161 1257 4232 Vgl.
1273 4162 1347 4216 uber
1366 4163 1422 4217 den

239 4246 434 4303 historischen
458 4248 582 4303 Verlauf
602 4250 733 4305 Troels
760 4250 857 4306 Lund
886 4251 1055 4305 Danmarks
1081 4268 1119 4321 og
1142 4250 1258 4320 Norges
1281 4250 1421 4320 Historie,

238 4333 436 4405 Kjdbenhavn
453 4339 530 4407 1888,
545 4338 595 4394 Bd.
612 4339 660 4394 IX.
673 4356 700 4409 p.
712 4357 867 4410 307—322;
888 4339 1071 4395 Christian
1088 4340 1292 4416 Petersen’s
1310 4340 1421 4395 danske

239 4423 371 4480 Skrister.
408 4427 546 4499 Udgivne
565 4427 599 4482 af
614 4427 645 4484 C.
666 4429 691 4498 J.
712 4428 823 4484 Brandt
843 4446 883 4500 og
901 4428 937 4484 R.
958 4429 1012 4486 Th.
1033 4429 1152 4500 Fengen
1171 4429 1190 4483 l.
1212 4431 1270 4486 181.
1309 4479 1310 4492 ,

346 4515 568 4589 ¹)Psalm127.
