3534 5392
917 501 962 566 30

461 658 563 735 Deus
589 678 774 734 conseruet
799 688 877 732 eum
903 677 936 732 et
961 665 1111 732 viuificet
1136 689 1223 732 eum.

461 782 505 850 Et
530 785 665 850 beatum
692 782 794 850 faciat
819 804 897 848 eum
922 781 964 848 in.
991 782 1109 865 [terra]

461 890 555 968 Esto
581 897 626 966 illi
651 898 788 967 domine
812 911 877 966 tur.
904 899 964 980 [ris
989 897 1223 982 fortitudinisl.

460 1016 495 1083 A
520 1016 583 1084 fac.
609 1016 652 1098 [ie
677 1015 823 1098 inimicil.

462 1123 611 1191 Domine
636 1147 678 1190 ex
704 1122 808 1206 [audi]
833 1121 1027 1190 orationem
1053 1145 1165 1189 meam

462 1230 505 1298 Et
529 1231 581 1297 cla
607 1231 697 1312 [mor
722 1253 819 1297 meus
844 1231 888 1297 ad
913 1243 947 1298 te
971 1229 1108 1313 veniatl.

860 1409 991 1477 Oratzir.
1008 1412 1029 1492 ¹)

464 1517 627 1614 Respice
651 1523 789 1593 domine
814 1527 856 1593 de
882 1526 966 1593 celo,
992 1538 1026 1593 et
1050 1525 1152 1593 visita
1176 1525 1342 1592 famulum
1366 1537 1461 1592 tuum
1486 1524 1528 1592 N.

356 1656 390 1711 et
424 1643 568 1711 benedic
603 1665 692 1711 eum.
727 1641 815 1710 sicut
849 1643 1054 1710 benedicere
1088 1642 1251 1730 dignatus
1282 1665 1320 1709 es
1354 1643 1529 1710 abraham.

355 1751 448 1819 isaac
481 1762 515 1818 et
548 1749 657 1818 iacob.
692 1750 810 1839 aspice
841 1773 919 1818 eum
949 1750 1088 1817 domine
1120 1749 1230 1818 oculis
1262 1749 1340 1817 tuis.
1366 1762 1399 1817 et
1433 1750 1530 1838 reple

355 1882 433 1926 eum
459 1857 551 1926 omni
577 1858 706 1946 gaudio
739 1872 772 1925 et
803 1857 923 1925 leticia.
949 1871 982 1926 et
1012 1857 1138 1925 timore
1167 1870 1236 1926 tuo.
1261 1857 1395 1946 expelle
1419 1858 1463 1924 ab
1487 1880 1530 1924 eo

357 1988 478 2034 onmes
503 1965 645 2034 insidias
670 1964 806 2034 inimici.
831 1978 865 2033 et
888 1965 982 2033 mitte
1002 1966 1034 2033 ei
1054 1966 1217 2052 angelum
1242 1964 1346 2053 pacis.
1371 1964 1530 2053 quicum

357 2074 388 2142 in
414 2085 583 2162 perpetua
607 2095 693 2162 pace
718 2073 899 2141 custodiat.
947 2072 1014 2140 Per
1039 2072 1193 2140 eristum.

463 2179 536 2263 An.
561 2187 657 2259 Sana
690 2189 828 2258 domine
861 2189 1034 2257 infirmum
1066 2189 1178 2256 istum.
1212 2188 1309 2256 cuius
1340 2210 1422 2255 ossa
1455 2210 1532 2254 con·

358 2308 496 2374 turbata
529 2318 608 2374 sunt
642 2306 752 2374 valde.
800 2304 871 2375 Sed
906 2319 942 2374 tu
973 2305 1113 2373 domine
1144 2317 1349 2372 conuertere
1378 2305 1413 2372 'et
1437 2304 1532 2392 eripe

358 2413 508 2482 animam
533 2412 617 2482 eius.
642 2427 676 2482 et
700 2437 784 2481 sana
809 2437 899 2482 eum.

881 2573 1011 2642 Oratzir.

465 2682 569 2759 Deus
603 2691 659 2778 qui
694 2713 756 2779 per
781 2690 981 2779 apostolum
1014 2689 1175 2758 iacobum
1200 2690 1336 2757 locutus
1361 2711 1410 2757 es
1444 2687 1533 2756 infir·

358 2820 471 2875 matur
496 2807 574 2895 quis
598 2830 641 2875 ex
661 2806 772 2875 vobis,
798 2807 936 2875 inducat
956 2806 1172 2894 presbiteros
1193 2805 1349 2874 ecclesie.
1374 2818 1408 2873 et
1432 2817 1533 2872 orent

357 2938 464 3003 super
488 2937 576 2982 eum.
601 2926 773 3001 vngentes
803 2937 881 2982 eum
911 2915 991 2982 oleo
1015 2914 1047 2981 in
1075 2913 1213 2981 nomine
1237 2913 1376 2981 domini.
1401 2925 1435 2980 et
1458 2935 1533 2979 ora-

358 3023 406 3090 tio
431 3021 512 3090 fidei
537 3022 684 3091 saluabit
708 3021 891 3090 infirmum.
916 3035 950 3090 et
974 3020 1148 3090 alleuiabit
1172 3044 1251 3088 eum
1276 3019 1448 3087 dominus,
1489 3019 1532 3087 Et

358 3129 387 3198 si
411 3129 444 3198 in
469 3129 622 3218 peccatis
646 3129 707 3197 sit:
732 3129 947 3197 dimittentur
967 3129 1008 3196 ei.
1049 3127 1143 3197 Cura
1164 3149 1353 3216 quesumus
1378 3127 1532 3214 redemp-

357 3249 413 3304 tor
438 3250 567 3305 noster.
591 3236 706 3325 gratia
737 3237 847 3304 sancti
879 3236 1032 3325 spiritus
1057 3236 1248 3322 languores
1280 3233 1379 3302 istius
1409 3232 1534 3301 infirmi

358 3356 392 3412 et
416 3367 479 3412 sua
504 3367 588 3412 sana
613 3345 766 3412 uulnera.
792 3343 936 3433 ejusque
968 3354 1110 3431 peccata
1141 3341 1282 3409 dimitte.
1308 3355 1412 3429 atque
1442 3340 1534 3408 dolo·

359 3475 417 3520 res
441 3465 587 3520 cunctos
619 3452 735 3519 cordis
765 3464 798 3519 et
831 3451 990 3540 corporis
1014 3452 1058 3519 ab
1090 3473 1133 3518 eo
1157 3450 1301 3538 expelle.
1327 3450 1535 3538 plenamque

358 3559 388 3627 ei
414 3558 557 3627 interius
588 3559 811 3648 exteriusque
842 3558 1025 3627 sanitatem
1055 3556 1328 3625 misericorditer
1353 3556 1472 3625 redde.
1497 3568 1535 3623 vt

359 3689 427 3755 ope
452 3665 689 3734 misericordie
713 3680 771 3734 tue
795 3665 975 3734 restitutus
995 3678 1029 3734 et
1054 3677 1205 3734 sanatus.
1229 3665 1273 3732 ad
1298 3662 1442 3752 pristina
1467 3663 1535 3752 pie·

358 3773 438 3842 tatis
463 3786 522 3842 tue
546 3773 661 3841 officia
685 3787 878 3860 reparetur.
925 3772 963 3842 P.

465 3880 538 3964 An.
564 3888 680 3979 Opem
705 3890 794 3959 ferat
818 3889 897 3958 huic
922 3889 1059 3957 infirmo
1084 3890 1170 3957 deus
1195 3911 1301 3978 super
1326 3888 1451 3955 lectum
1477 3888 1535 3954 do·

358 4006 444 4075 loris
469 4006 553 4075 eius,
579 4005 653 4095 ipse
678 4020 864 4075 conservet
889 4029 967 4075 eum
993 4019 1028 4074 et
1051 4005 1201 4075 vivificet
1225 4028 1312 4074 eum.

466 4114 520 4193 Ps
533 4124 668 4206 (almus)
694 4121 813 4193 Sancti
837 4146 998 4212 quorum.
1297 4109 1301 4120 ⁸

469 4367 487 4432 ¹)
508 4364 563 4420 Die
588 4364 745 4436 folgenden
770 4363 932 4432 orationeS,
959 4362 1073 4416 welche
1095 4361 1256 4416 wiederum
1275 4359 1445 4414 abweiclren
1466 4376 1536 4413 turm

361 4455 417 4511 Rit.
434 4455 529 4524 Rom,
548 4453 613 4509 sind
632 4453 679 4509 bei
698 4455 771 4509 aller
786 4453 968 4508 Einsachheit
988 4453 1046 4507 und
1065 4451 1163 4507 Kurze
1181 4459 1315 4506 ausserst
1333 4449 1538 4519 ansprechend

361 4545 419 4598 und
438 4546 536 4600 setun.
