3534 5392
896 507 940 575 26

330 697 480 752 sanctus.
530 685 739 752 Benedicant
765 698 798 752 te
822 686 938 773 anegli
960 685 1099 773 [angeli]
1124 700 1158 753 et
1183 686 1392 773 archangeli.
1415 686 1504 773 prin-

330 793 463 881 cipatus
488 804 522 859 et
547 805 747 881 potestates.
788 793 999 861 Benedicant
1023 807 1057 861 te
1081 817 1207 861 nouem
1233 794 1373 860 ordines
1399 817 1503 880 ange·

330 899 441 965 lorum
463 899 562 986 regni
584 900 731 969 celestis
768 900 977 968 Benedicant
995 913 1029 967 te
1044 901 1319 989 vigintiquatuor
1335 900 1503 968 seniores.

329 1006 386 1092 qui
411 1020 491 1074 ante
515 1009 677 1075 thronum
703 1008 758 1074 dei
783 1021 872 1075 sunt.
921 1007 1132 1076 Benedicant
1156 1021 1189 1076 te
1214 1008 1362 1075 virtutes
1387 1020 1422 1075 et
1445 1009 1503 1076 do·

331 1112 545 1183 minationes.
603 1115 813 1182 Benedicant
846 1128 879 1182 te
913 1115 1028 1182 throni
1061 1115 1227 1182 cherubin
1261 1127 1295 1182 et
1329 1115 1502 1203 seraphin.

330 1220 539 1289 Benedicent
578 1235 611 1289 te
645 1221 841 1310 patriarche
874 1236 907 1289 ct
941 1223 1112 1311 prophete
1133 1235 1179 1289 et
1214 1222 1363 1311 apostoli
1399 1221 1502 1289 cristi.

330 1327 538 1396 Benedicant
567 1343 600 1396 te
632 1329 792 1396 martires
822 1343 855 1397 et
886 1330 1107 1398 confessores
1132 1342 1240 1417 atque
1270 1330 1436 1417 virgines.
1469 1342 1502 1395 et

330 1435 442 1503 omnis
481 1437 673 1504 benedictio
712 1460 779 1526 que
817 1438 849 1504 in
887 1437 1069 1526 scripturis
1107 1437 1236 1504 sanctis
1272 1437 1401 1524 scripta
1437 1449 1501 1503 est.

329 1543 443 1611 veniat
468 1555 640 1632 superte.
688 1545 812 1612 Amen.

435 1687 489 1754 De
519 1712 620 1755 sacra
646 1691 795 1755 erectione
819 1698 869 1756 cst
897 1690 1084 1756 uotcuiduru
1113 1690 1206 1776 quod
1228 1690 1363 1769 iufiruro
1386 1690 1501 1754 anuui-

328 1797 475 1861 uistrari
513 1817 581 1861 non
615 1795 726 1862 debet.
766 1795 829 1862 nisi
862 1796 905 1862 de
948 1799 1017 1862 vita
1055 1797 1264 1884 desperatur.
1306 1797 1387 1883 qiua
1420 1820 1502 1861 cura

328 1905 479 1968 erramina
509 1902 646 1969 debetur
668 1927 767 1970 sacro
800 1904 879 1969 olco
928 1904 980 1970 Ne
1008 1905 1084 1970 i'rrcle
1114 1913 1221 1970 vestes
1239 1904 1337 1990 forte
1359 1904 1502 1990 coinqui-

328 2019 457 2076 nentur.
493 2009 573 2076 lteru
596 2019 675 2077 uota
700 2011 793 2098 quod
814 2035 879 2077 nou
904 2010 999 2077 debet
1021 2011 1155 2095 iufirruo
1178 2013 1273 2077 sacri
1298 2010 1376 2076 Oia·
1396 2012 1503 2075 ouctro

329 2119 594 2184 aruuu'uistrari:
623 2120 694 2184 uisi
720 2119 825 2184 semel
852 2120 886 2184 iu
916 2142 1015 2184 auno.
1064 2117 1156 2184 Licet
1184 2120 1296 2205 sepius
1327 2118 1381 2183 ille
1414 2118 1502 2183 zdcru

328 2226 531 2308 inprimitur.
566 2225 636 2291 Nec
655 2227 755 2291 etiam
780 2228 813 2291 iu
837 2234 906 2291 tota
930 2227 1009 2292 vcta.
1043 2224 1136 2290 Licet
1158 2227 1280 2313 churrgi
1295 2225 1376 2314 plus
1400 2248 1503 2312 qrccuu

328 2331 435 2398 trihus
459 2331 593 2398 occr'bus.
618 2334 692 2399 licet
713 2335 886 2420 sepissime
914 2335 1024 2420 ipsum
1053 2334 1227 2421 contingat
1249 2331 1428 2415 infirmari.

435 2439 515 2506 lteru
540 2439 633 2527 quod
658 2443 692 2506 iu
716 2439 880 2506 Auribus
932 2440 1057 2506 Oculis.
1105 2438 1268 2506 Naribus,
1299 2439 1377 2506 Ore.
1427 2439 1501 2505 Mo·

329 2546 437 2613 uibus
473 2549 519 2614 ita
552 2547 645 2634 quod
666 2546 765 2614 Laici
792 2549 825 2614 iu
850 2548 981 2635 palma.
1028 2545 1229 2613 Sacerdotes
1253 2571 1333 2612 uero
1358 2570 1502 2634 quorum

327 2678 450 2720 ruauus
474 2655 612 2744 dignior
634 2665 782 2742 persona
808 2663 907 2721 autea
928 2656 1089 2742 perunxit
1117 2663 1223 2720 extra.
1248 2666 1282 2721 et
1307 2653 1338 2720 in
1358 2653 1503 2742 pedibus

322 2771 540 2851 permutatur
561 2786 619 2828 uec
643 2764 676 2828 iu
694 2761 853 2850 pluribus
876 2764 966 2829 locis.
982 2763 1002 2842 ¹)

435 2868 515 2936 lteru
545 2871 732 2936 uotauduur
764 2871 857 2957 quod
884 2893 1021 2936 sacroru
1051 2873 1234 2936 erectionem
1264 2879 1396 2956 seraper
1424 2869 1500 2935 leta·

327 2979 384 3043 rua
402 2977 582 3064 precedere
610 2976 704 3043 debet
731 3001 805 3043 curu
834 3001 936 3044 artua.
983 2977 1036 3044 Nc
1060 2976 1294 3044 reminiscaris
1319 2975 1500 3059 dolminel.

328 3083 375 3150 Et
397 3085 531 3151 collecta
555 3087 708 3172 sequenti
727 3086 857 3160 sci'iiret,
883 3084 1111 3172 omnipotens.

849 3263 979 3329 Oratio.

437 3386 675 3483 Omnipotens
718 3396 927 3484 sempiterne
970 3397 1056 3464 deus
1101 3419 1291 3484 quesumus
1333 3397 1500 3464 imensam

327 3511 543 3578 clementiam
583 3525 687 3580 tuam.
747 3512 791 3581 Ut
830 3513 872 3580 ad
915 3512 1089 3580 introitum
1129 3513 1329 3581 humilitatis
1371 3527 1501 3580 nostre.

327 3620 415 3685 hunc
442 3618 606 3685 famulum
629 3633 725 3687 tuum
750 3619 781 3686 N
806 3619 837 3686 in
858 3621 925 3688 hoc
945 3621 1141 3688 habitaculo
1167 3619 1295 3688 sessum
1323 3620 1500 3688 iacentem.

435 3852 453 3918 ¹)
474 3849 529 3904 Die
550 3849 754 3918 Bemerkung,
781 3851 851 3904 dass
875 3850 922 3904 die
942 3840 1042 3920 Olung
1065 3867 1118 3904 nur
1142 3850 1249 3904 einmal
1273 3851 1311 3904 im
1333 3850 1422 3920 Jahre
1444 3851 1501 3904 und

326 3957 379 3994 nur
407 3939 532 3994 drcimal
560 3940 599 3994 im
629 3957 741 4010 ganzen
768 3940 882 4009 Lebcn,
911 3941 985 3994 auch
1013 3956 1099 3993 wenn
1129 3940 1183 3993 der
1203 3939 1386 3994 betreffende
1411 3939 1502 3993 dstcrs

326 4029 480 4098 crkrankt,
505 4029 668 4099 gespendet
694 4031 817 4084 werden
841 4029 936 4097 durio,
960 4029 1067 4083 weicht
1088 4047 1146 4084 von
1164 4030 1218 4084 der
1238 4029 1376 4100 heutigen
1395 4028 1501 4084 Prasis

328 4120 372 4174 ab.
411 4119 466 4174 Die
487 4119 574 4173 lland
594 4121 648 4172 des
667 4119 813 4174 Priesters
832 4119 905 4172 wird
925 4119 1098 4172 ausserhalb
1118 4119 1240 4187 gesalbt,
1262 4119 1327 4172 weil
1346 4119 1410 4172 eine
1430 4125 1503 4172 wttr·

325 4208 427 4276 digere
443 4209 555 4263 Person
572 4208 713 4274 (Bischot't
729 4209 775 4262 die
790 4209 891 4263 innerc
906 4208 991 4262 Hand
1007 4208 1054 4262 bei
1072 4210 1125 4262 der
1140 4208 1368 4263 Priesterweihc
1388 4208 1502 4276 gesalbt

326 4298 384 4352 hat.
418 4299 544 4368 Agenda
560 4297 645 4354 utino.
664 4297 711 4352 sol.
727 4298 826 4352 XXIX
846 4315 948 4352 verso:
971 4298 1033 4364 „nd
1055 4315 1162 4352 manus
1181 4298 1303 4352 interius
1324 4297 1500 4368 presbytero

325 4387 455 4441 exterius
474 4387 557 4441 cuius
578 4405 682 4441 manus
701 4387 822 4442 interius
842 4387 960 4442 inunctc
981 4397 1045 4442 sunt
1062 4406 1080 4442 a
1096 4388 1278 4457 suflraganio
1298 4404 1371 4456 ergo
1392 4385 1500 4438 cedere

324 4466 410 4529 decet
436 4476 547 4532 maiori.
587 4476 640 4530 Die
665 4476 795 4546 Salbung
819 4477 872 4530 der
897 4495 997 4546 rencs,
1022 4478 1136 4532 welche
1161 4478 1235 4531 nach
1261 4477 1318 4530 uit.
1345 4477 1429 4532 Rom.
1454 4476 1500 4530 bci

327 4564 467 4620 Manneru
489 4574 628 4636 gestattct
649 4566 693 4633 ist,
714 4566 802 4620 keunt
824 4567 877 4620 der
898 4566 972 4622 Man.
995 4567 1084 4622 ltosk.
1105 4566 1189 4622 nicht.
