3534 5392
902 418 947 482 44

447 572 567 671 Spero
591 582 624 650 in
648 584 715 652 deo
735 583 898 672 quoniam
918 583 1031 650 adhuc
1055 582 1248 649 confitebor
1272 581 1335 650 illi:
1358 583 1517 650 salutare

338 699 457 767 vultus
480 699 547 768 mci
571 712 604 768 ct
627 700 714 768 deus
734 701 848 767 meus,

444 805 532 887 Ant.
580 816 799 904 Ingrediatur
829 816 863 883 in
894 817 1007 883 locum
1041 815 1254 883 tabernaculi
1287 815 1515 883 admirabilis

338 934 516 1036 usquead
541 934 682 1000 domum
707 933 772 1001 dei.

862 1111 992 1180 Oratio.

373 1303 375 1308 .
447 1235 690 1316 Obsecramus
723 1245 995 1315 misericordiam
1026 1259 1120 1314 tuam
1150 1245 1369 1334 omnipotens
1393 1257 1516 1312 eterne

339 1361 436 1429 deus.
470 1361 527 1450 qui
560 1362 734 1429 hominem
767 1364 810 1430 ad
845 1363 1031 1450 imaginem
1064 1374 1159 1430 tuam
1190 1384 1313 1429 creare
1346 1361 1515 1448 dignatus

338 1491 388 1536 es,
435 1467 481 1536 Ut
514 1468 663 1537 animam
697 1468 814 1537 famuli
842 1469 891 1536 tui
915 1469 957 1536 N.
983 1492 1087 1557 quam
1115 1468 1283 1536 hodierna
1314 1465 1370 1535 die
1405 1470 1515 1536 rebus

338 1575 497 1643 humanis
531 1575 634 1643 eximi
667 1589 701 1644 et
732 1578 775 1644 ad
810 1589 844 1644 te
881 1576 1045 1645 accersiri
1082 1575 1223 1644 iussisti.
1262 1575 1398 1643 blande.
1432 1575 1515 1643 leni-

338 1695 461 1770 terque
494 1683 674 1771 suscipias,
708 1707 776 1751 non
811 1684 842 1751 ei
876 1684 1096 1751 dominentur
1125 1684 1249 1750 vmbre
1283 1683 1414 1750 mortis.
1448 1705 1513 1750 nec

339 1802 436 1877 tegat
461 1812 538 1856 eum
564 1790 681 1858 chaos.
707 1805 765 1858 aut
789 1791 904 1878 caligo
934 1792 1166 1858 tenebrarum.
1202 1788 1274 1858 Sed
1291 1802 1417 1858 exutus
1441 1813 1512 1858 om·

342 1896 435 1964 nium
459 1896 638 1965 criminum
663 1898 755 1966 labe:
784 1898 816 1965 in
841 1898 918 1965 sinu
939 1899 1069 1965 abrahe
1088 1897 1286 1987 patriarche
1310 1896 1515 1964 collocatus:

339 2005 453 2072 locum
486 2004 571 2071 lucis
604 2017 639 2072 et
671 2004 844 2093 refrigerij
877 2028 917 2072 se
950 2005 1113 2093 adeptum
1146 2027 1227 2072 esse
1259 2005 1423 2093 gaudeat.
1470 2003 1514 2070 Et

340 2134 418 2180 cum
442 2111 516 2180 dies
541 2112 655 2200 indicij
672 2113 861 2181 aduenerit.
887 2135 964 2180 cum
990 2111 1118 2180 sanctis
1138 2125 1172 2179 et
1196 2111 1315 2178 electis
1339 2111 1408 2179 tuis
1433 2134 1512 2179 cum

339 2218 541 2288 resuscitari
565 2220 695 2289 iubeas.
743 2219 810 2289 Per
835 2221 929 2289 dom.

445 2327 662 2426 Antiphona.
710 2335 784 2405 Hec
809 2337 959 2425 requies.

822 2524 996 2593 Psalmus.
1011 2528 1033 2606 1)

448 2650 633 2728 Memento
658 2658 797 2727 domine
813 2658 918 2726 david
942 2671 976 2725 et
997 2657 1109 2726 omnis
1130 2656 1403 2724 mansuetudinis
1428 2657 1516 2725 eius

450 2774 553 2858 Sicut
577 2784 703 2853 iurauit
725 2783 866 2852 domino
891 2797 1011 2851 votum
1035 2781 1133 2851 vovit
1156 2782 1224 2849 deo
1248 2781 1358 2849 iacob.

449 2903 488 2985 Si
512 2910 679 2979 introiero
711 2910 744 2978 in
768 2910 1028 2978 tabernaculum
1053 2910 1178 2976 domus
1209 2929 1301 2974 mee:
1336 2906 1366 2974 si
1398 2929 1519 2974 ascen·

341 3029 428 3097 dero
453 3028 485 3096 in
510 3029 636 3096 lectum
661 3028 761 3096 strati
787 3027 864 3095 mei.

450 3133 493 3217 Si
518 3146 648 3213 dedero
679 3167 863 3233 sompnum
888 3142 997 3211 oculis
1023 3142 1122 3210 meis:
1157 3154 1191 3209 et
1216 3139 1391 3228 palpebris
1425 3138 1513 3207 meis

342 3261 632 3330 dormitationem.

449 3369 501 3448 Et
525 3379 679 3467 requiem
705 3376 922 3466 temporibus
947 3376 1031 3444 meis
1060 3376 1171 3443 donec
1204 3373 1375 3441 inveniam
1401 3372 1518 3440 locum

342 3495 500 3563 domino:
525 3495 786 3563 tabernaculum
811 3496 877 3562 deo
902 3493 1013 3561 iacob.

450 3602 549 3681 Ecce
582 3611 775 3679 audiuimus
809 3634 885 3679 eam
919 3609 950 3676 in
984 3608 1122 3677 effrata:
1156 3607 1349 3675 inuenimus
1381 3628 1459 3673 eum
1485 3605 1518 3671 in

344 3728 478 3817 campis
502 3727 599 3796 silue.

452 3835 679 3914 Introibimus
718 3844 750 3912 in
788 3843 1049 3913 tabernaculum
1085 3842 1174 3909 eius:
1218 3838 1441 3908 adorabimus
1485 3837 1519 3905 in

343 3963 422 4030 loco
448 3961 505 4028 vbi
530 3973 700 4029 steterunt
723 3962 831 4050 pedes
855 3961 941 4029 eius.

454 4067 577 4165 Surge
602 4077 739 4146 domine
763 4076 795 4146 in
820 4076 977 4166 requiem
1002 4088 1110 4143 tuam:
1141 4087 1175 4141 tu
1205 4087 1239 4141 et
1263 4072 1369 4140 archa
1394 4069 1519 4140 sancti·

344 4195 515 4264 ficationis
539 4207 605 4262 tue.

456 4466 473 4531 ¹)
494 4464 594 4520 Psalm
616 4481 674 4534 131.
