3570 5402
947 509 989 552 22

865 663 1077 752 Complendn.

490 797 661 874 Proficiat
686 801 785 868 nobis
806 801 849 868 ad
870 799 1015 866 salutem
1037 796 1195 884 corporis
1215 808 1249 862 ct
1269 795 1391 862 anime.
1418 793 1554 860 domine

383 923 469 988 deus
494 921 593 988 huius
618 917 825 987 sacramenti
850 915 1036 1003 susceptio,
1062 926 1095 980 et
1120 912 1331 999 sempiterna
1356 922 1473 977 sancte
1498 909 1554 977 tri-

383 1029 499 1096 nitatis
524 1028 678 1094 eiusdem
709 1025 883 1092 individue
913 1021 1052 1089 unitatis
1077 1019 1260 1088 confessio.
1308 1017 1376 1085 Per
1401 1017 1553 1089 eristum.

861 1220 1074 1229 ——-—-

804 1415 994 1556 Caput
1031 1413 1134 1520 IV.

704 1631 961 1712 Benedictio
990 1629 1187 1710 thalami.
1204 1629 1229 1725 ¹)

491 1797 649 1875 Benedic
681 1803 819 1870 domine
853 1803 941 1868 hunc
972 1801 1159 1867 thalamum
1191 1811 1224 1866 et
1254 1820 1375 1866 ornnes
1405 1797 1555 1864 habitan-

385 1936 437 1991 tes
461 1923 493 1990 in
520 1945 572 1989 eo,
598 1933 634 1987 vt
669 1919 700 1986 in
736 1931 793 1986 tua
826 1941 910 2006 pace
943 1916 1141 1985 consistant.
1167 1916 1257 1983 etin
1289 1928 1348 1983 tua
1378 1915 1555 1982 voluntate

384 2041 616 2119 permaneant.
642 2040 675 2094 et
700 2027 731 2094 in
757 2039 815 2093 tua
840 2048 959 2092 amore
980 2025 1098 2092 viuant
1118 2036 1276 2091 crescant
1301 2035 1334 2090 et
1359 2034 1553 2090 senescant.

384 2150 418 2204 et
444 2135 709 2223 multiplicentur
735 2133 765 2199 in
791 2132 1005 2219 longitudine
1030 2132 1173 2198 dierum.
1221 2130 1289 2197 Per
1315 2130 1469 2197 cristum.

924 2293 1015 2359 [tent.

492 2422 635 2499 Adesto
660 2428 798 2496 dominc
822 2426 1130 2515 supplicationibus
1159 2424 1288 2492 nostris
1317 2437 1351 2492 et
1380 2425 1467 2492 hanc
1498 2424 1557 2491 do-

385 2569 478 2614 mum
519 2546 652 2613 serenis
685 2545 794 2612 oculis
829 2556 886 2611 tue
919 2543 1056 2631 pietatis
1092 2542 1234 2610 illustra.
1291 2542 1334 2610 Et
1367 2542 1557 2609 descendat

385 2677 490 2741 super
515 2652 707 2719 habitantes
733 2652 764 2718 in
789 2675 830 2718 ea
854 2651 968 2737 gratie
992 2663 1050 2718 tue
1075 2651 1180 2738 longa
1205 2649 1405 2716 benedictio.
1452 2648 1498 2717 Ut
1524 2648 1556 2717 in

385 2761 450 2849 bijs
476 2758 679 2826 manufactis
705 2758 916 2826 habitaculis
942 2780 1020 2825 curn
1041 2757 1243 2824 salubritate
1264 2757 1329 2846 ipsi
1348 2770 1443 2824 tuum
1470 2779 1556 2823 sem-

386 2891 448 2956 per
472 2867 539 2933 sint
564 2865 795 2932 babitaculum
821 2887 883 2951 per
908 2865 1061 2933 eristum.

493 2973 583 3040 [leur.
631 2972 779 3040 Domine
804 2985 924 3040 sancte
948 2986 1047 3061 pater
1072 2972 1291 3061 omnipotens
1316 2984 1435 3039 eterne
1459 2972 1557 3041 deus,

386 3094 418 3149 tc
443 3081 590 3169 supplex
615 3103 816 3148 exoramus:
848 3094 885 3148 vt
914 3080 1191 3148 coniunctionem
1222 3079 1374 3146 fidelium
1405 3092 1555 3147 tuorum.

386 3202 442 3256 tua
468 3187 707 3256 benedictione
734 3187 855 3255 fovere
879 3187 1044 3274 digneris.
1070 3209 1260 3274 omnesque
1284 3189 1327 3254 ab
1352 3187 1402 3254 eis
1428 3187 1555 3255 inimici

386 3295 507 3363 insidie
531 3307 731 3362 avertantur
757 3295 803 3362 Vt
827 3307 884 3361 tua
910 3294 1126 3383 providentia
1158 3293 1321 3382 conjungi
1348 3307 1556 3362 mereantur.

385 3402 452 3469 Per
478 3402 619 3470 eristum
645 3403 736 3470 dom.
762 3402 854 3468 dom.
869 3407 890 3482 ²)

495 3635 512 3702 ¹)
533 3633 596 3688 Das
622 3632 678 3686 Rit.
705 3631 792 3687 Rom.
820 3630 858 3685 cit
884 3648 910 3702 p.
937 3647 990 3702 259
1015 3631 1065 3686 hat
1090 3631 1116 3685 in
1143 3632 1337 3686 veranderter
1363 3631 1477 3688 Gestalt
1504 3650 1558 3687 nur

386 3724 441 3778 das
460 3732 540 3779 erste
560 3722 663 3778 Gebet.

494 3813 513 3881 ²)
535 3799 617 3866 Uber
635 3812 682 3866 die
702 3810 832 3882 Stellung
849 3812 903 3865 des
922 3809 1079 3865 danischen
1099 3809 1217 3866 Staates
1237 3829 1288 3866 zur
1308 3811 1557 3882 Ebescbliessung

386 3903 443 3972 vgl.
472 3901 508 3957 H.
538 3901 677 3955 Matzen
705 3909 740 3955 et
767 3900 792 3971 J.
819 3900 946 3970 Timm,
974 3899 1141 3969 Haandbog
1165 3899 1173 3954 i
1193 3902 1251 3956 den
1271 3901 1383 3956 danske
1409 3901 1556 3958 Kirkeret.

386 3991 578 4062 Kjdbenbavn
597 3992 663 4059 1891
680 4007 707 4061 p.
722 3991 764 4045 88.
795 3990 915 4045 Danach
933 3989 1025 4044 kann
1045 3989 1111 4045 eine
1128 3991 1310 4063 burgerliche
1326 3989 1387 4045 Ehe
1403 3991 1557 4058 (Civilebc)

386 4080 579 4150 gescblossen
600 4081 732 4148 werden,
752 4097 842 4134 wenn
860 4079 907 4134 die
928 4079 1033 4134 beiden
1053 4079 1220 4136 Brautleute
1239 4081 1319 4135 einer
1338 4079 1365 4135 in
1387 4081 1555 4136 Danemark

385 4171 463 4226 nicht
480 4171 680 4225 anerkannten
696 4169 1038 4242 Religionsgescllschast
1053 4170 1232 4240 angehoren,
1246 4171 1273 4225 d.
1289 4170 1314 4226 h.
1331 4170 1413 4225 einer
1427 4170 1558 4234 soleben,

386 4261 497 4315 welche
512 4259 597 4315 keine
613 4259 653 4314 im
669 4261 752 4315 Land
769 4260 950 4315 anerkannte
966 4260 1023 4314 und
1039 4277 1091 4315 zur
1106 4260 1338 4331 Abschliessung
1352 4261 1405 4314 der
1419 4261 1559 4332 Trauung

386 4349 567 4422 berecbtigte
587 4349 749 4405 Geistliche
773 4351 837 4418 hat,
861 4351 933 4405 oder
957 4350 1021 4405 falls
1045 4350 1091 4406 die
1114 4350 1221 4405 beiden
1241 4350 1454 4420 Nupturienten
1478 4367 1558 4405 zwar

386 4457 421 4493 zu
445 4440 501 4494 den
527 4441 730 4495 anerkannten
754 4441 826 4495 aber
850 4439 1081 4496 verschiedenen
1106 4439 1484 4511 Religionsgesellscbasten
1510 4457 1557 4508 ge·

386 4527 486 4585 boren.
526 4529 587 4583 ner
610 4529 859 4585 Standesbeamte
885 4530 921 4586 ist
949 4530 976 4586 in
1002 4533 1058 4586 deu
1083 4531 1206 4586 Stadten
1234 4530 1288 4583 der
1312 4529 1559 4600 Burgermcister,
