3570 5402
837 516 879 583 25

271 698 350 743 nem
375 674 423 741 tui
448 673 596 740 nominis
626 672 797 760 benignus
829 671 1015 739 assistent
1046 672 1209 738 famulum
1235 685 1331 739 tuum
1356 673 1387 740 N
1413 673 1446 740 li-

272 786 432 851 beratum
457 780 662 868 egritudine.
688 793 722 848 et
753 781 899 847 sanitate
933 780 1096 846 donatum
1128 778 1325 848 confirmes.
1351 792 1445 867 pote·

273 903 364 958 state
387 888 528 956 tuearis.
554 887 699 955 ecclesie
723 900 781 955 tue
805 900 924 955 sancte
955 887 1190 975 altaribusque
1214 888 1283 955 tuis
1307 887 1445 956 sanctis

274 1020 352 1065 cum
377 996 536 1064 omnibus
561 994 758 1062 desiderata
783 995 1017 1082 prosperitate
1041 1008 1262 1083 representes
1287 997 1327 1062 P.

380 1141 445 1206 Iste
467 1139 705 1206 benedictiones
735 1141 948 1223 infirmorum
969 1149 1115 1228 possunt
1144 1141 1213 1206 dici
1233 1141 1446 1228 quandocun-

275 1272 337 1336 que
361 1249 480 1335 placet.
514 1249 587 1313 si'ue
619 1247 757 1334 quando
790 1249 948 1331 infirmus
980 1256 1111 1314 tunium
1146 1248 1245 1314 modo
1278 1250 1446 1314 visitatur.

273 1358 344 1422 sr'ue
367 1354 505 1442 quando
528 1355 758 1420 eommunicet.
783 1356 856 1420 siue
880 1355 1017 1442 quondo
1035 1358 1249 1445 perungitur.

796 1532 926 1600 Oratio.

379 1661 556 1737 Dominus
572 1667 693 1755 jhesus
714 1666 875 1735 Christus
900 1669 992 1757 apud
1017 1681 1050 1735 te
1074 1668 1128 1736 sit.
1155 1682 1192 1736 vt
1216 1681 1250 1736 te
1274 1668 1445 1736 defendat.

273 1785 367 1852 lntra
391 1797 425 1851 te
448 1783 502 1852 sit.
528 1797 565 1851 vt
597 1795 630 1852 te
661 1783 801 1851 reliciat.
849 1782 953 1852 Circa
985 1798 1018 1852 te
1043 1783 1095 1852 sit.
1122 1797 1159 1851 vt
1191 1797 1224 1852 te
1249 1801 1445 1854 conseruet.

274 1903 353 1959 ante
378 1902 411 1959 te
435 1891 487 1958 sit.
512 1903 549 1958 vt
573 1903 607 1958 te
631 1892 788 1960 deducat.
830 1892 916 1959 Post
940 1905 973 1959 te
998 1891 1052 1960 sit.
1078 1905 1114 1959 vt
1139 1904 1173 1960 te
1197 1891 1367 1959 iustificet.
1393 1915 1446 1959 su-

275 2022 337 2087 per
362 2012 395 2066 te
419 1998 473 2066 sit.
499 2010 536 2065 vt
561 2011 594 2066 te
618 1999 809 2092 benedicat.
857 1998 926 2085 Qui
951 2022 1029 2067 cum
1054 2012 1163 2088 patre.

815 2179 906 2246 Item.

381 2305 576 2383 Benedicat
601 2326 635 2382 te
659 2316 745 2382 deus
770 2327 879 2403 pater.
905 2328 1003 2382 sanet
1034 2327 1068 2382 te
1097 2314 1151 2381 dei
1181 2315 1278 2381 filius.
1326 2315 1447 2382 lllumi-

273 2445 331 2499 net
366 2444 399 2499 te
432 2431 575 2520 spiritus
609 2445 749 2499 sanctus
784 2454 912 2519 corpus
946 2444 1042 2498 tuum
1082 2431 1263 2498 custodiat.
1298 2431 1446 2499 animam

273 2550 367 2606 tuam
392 2540 513 2608 saluet.
539 2564 600 2607 cor
635 2552 732 2607 tuum
766 2539 915 2606 irradiet.
947 2561 1087 2606 sensum
1121 2550 1216 2605 tuum
1249 2538 1388 2626 dirigat.
1414 2552 1448 2606 et

275 2646 318 2712 ad
342 2668 530 2735 supernam
555 2646 662 2715 vitam
686 2660 720 2715 te
743 2647 919 2734 perducat.
961 2645 999 2713 Ρ.
1026 2643 1109 2714 Chr.

818 2826 907 2893 Item.

382 2941 579 3030 Benedicat
604 2972 637 3028 te
662 2961 747 3028 deus
773 2973 871 3049 pater
895 2960 953 3049 qui
979 2961 1011 3026 in
1036 2959 1205 3049 principio
1230 2973 1353 3027 cuncta
1378 2984 1448 3028 cre-

276 3077 356 3145 auit.
381 3077 562 3145 benedicat
587 3088 620 3144 te
644 3077 699 3144 dei
724 3077 829 3160 filius,
864 3077 920 3164 qui
952 3078 995 3144 de
1026 3077 1187 3164 supernis
1216 3077 1357 3145 sedibus
1383 3101 1447 3165 pro

275 3184 375 3252 nobis
408 3185 563 3253 saluator
597 3183 785 3252 descendit.
833 3184 1020 3251 Benedicat
1054 3196 1088 3251 te
1121 3183 1263 3273 spiritus
1295 3198 1447 3253 sanctus

277 3292 335 3381 qui
368 3291 400 3359 in
434 3293 551 3380 specie
585 3293 745 3360 columbe
786 3291 819 3358 in
853 3291 992 3359 flumine
1026 3291 1179 3359 iordanis
1213 3291 1385 3380 requieuit
1417 3291 1449 3358 in

275 3397 404 3468 Crist0.
452 3400 531 3488 lpse
561 3413 595 3468 te
628 3400 661 3467 in
694 3399 847 3468 trinitate
867 3399 1066 3467 sanctificet.
1092 3422 1197 3487 quem
1222 3422 1343 3467 omnes
1367 3422 1450 3487 gen·

274 3520 328 3575 tes
353 3520 539 3575 venturum
563 3519 748 3595 expectant
772 3509 815 3574 ad
841 3507 1010 3574 iudicium.
1057 3506 1126 3593 Qui
1151 3529 1229 3574 cum
1254 3530 1324 3595 pre.

818 3686 908 3754 [tem.

383 3811 499 3892 Sanet
522 3833 557 3889 te
581 3822 668 3889 deus
692 3834 802 3910 pater.
828 3821 939 3910 quite
964 3821 1104 3890 creauit.
1142 3820 1249 3889 Sanet
1274 3833 1308 3888 te
1333 3821 1450 3890 ihesus

277 3937 438 4006 christus,
464 3937 522 4027 qui
546 3959 612 4026 pro
643 3951 677 4006 te
708 3961 834 4027 passus
866 3950 919 4006 est
944 3937 1052 4007 Sanet
1083 3952 1117 4006 te
1141 3936 1283 4027 spiritus
1308 3949 1450 4004 sanctus

277 4043 334 4130 qui
367 4044 400 4111 in
431 4058 466 4113 te
498 4046 630 4114 effusus
663 4060 726 4115 est.
774 4045 904 4115 Sancta
936 4046 1069 4114 trinitas
1101 4046 1146 4114 sit
1170 4068 1309 4133 semper
1334 4057 1448 4112 tecum

277 4151 438 4220 omnibus
463 4153 585 4221 diebus
609 4153 691 4222 vite.
717 4154 771 4222 hic
796 4166 831 4221 et
854 4154 888 4221 in
913 4165 1071 4222 eternum
1096 4176 1204 4221 amen.

817 4315 907 4382 [tem.

384 4420 580 4498 Benedicat
600 4443 634 4497 te
654 4430 740 4498 deus
760 4443 870 4518 pater.
895 4431 1007 4520 quite
1028 4429 1169 4498 creauit.
1204 4427 1391 4496 Benedicat
1416 4440 1450 4494 te

275 4545 330 4612 dei
355 4546 454 4614 filius.
490 4547 547 4636 qui
582 4570 647 4638 pro
682 4560 716 4615 te
749 4570 875 4635 passus
910 4559 972 4618 est.
1020 4546 1206 4617 Benedicat
1240 4558 1274 4614 te
1307 4547 1450 4636 spiritus
