3534 5392
921 416 965 480 42

462 572 635 670 Lapidem
660 602 763 669 quem
788 582 1068 668 reprobaverunt
1092 581 1309 649 edificantes:
1340 581 1396 649 hic
1420 581 1540 650 factus

355 710 409 765 est
432 696 465 764 in
490 709 593 785 caput
618 697 743 784 angeli.

460 804 501 886 A
525 803 665 881 domino
697 813 827 880 factum
858 826 911 881 est
935 813 1043 881 istud:
1073 825 1107 880 et
1137 826 1191 880 est
1215 813 1373 881 mirabile
1396 813 1429 880 in
1455 836 1539 881 ocu-

355 929 397 997 lis
422 929 562 998 nostris,

461 1037 546 1116 Hee
570 1059 623 1114 est
647 1046 721 1114 dies
746 1069 850 1134 quam
882 1045 962 1113 fecit
994 1047 1169 1114 dominus:
1204 1047 1399 1114 exultemus
1431 1058 1465 1113 et
1488 1047 1538 1113 le-

354 1175 467 1230 temur
492 1163 523 1229 in
549 1186 599 1231 ea.

462 1271 499 1350 O
532 1278 672 1346 domine
703 1279 838 1347 saluum
869 1303 924 1346 me
956 1280 1020 1348 fac.
1046 1303 1067 1346 o
1100 1279 1239 1347 domine
1271 1281 1358 1347 bene
1387 1301 1538 1367 prospe-

354 1417 444 1463 rare.
468 1395 670 1462 benedictus
695 1395 751 1484 qui
776 1396 926 1463 venitin
951 1396 1090 1464 nomine
1114 1395 1253 1464 domini.

461 1503 716 1580 Benediximus
739 1513 841 1580 vobis
866 1513 909 1579 de
935 1514 1040 1580 domo
1071 1512 1217 1579 domini:
1250 1513 1337 1579 deus
1371 1511 1539 1578 dominus

355 1639 389 1694 et
413 1627 522 1695 illuxit
546 1627 658 1696 nobis.

461 1733 675 1812 Constituite
709 1745 798 1813 diem
838 1745 1018 1812 solennem
1051 1744 1084 1811 in
1121 1744 1307 1812 condensis
1341 1766 1453 1833 usque
1488 1746 1537 1811 ad

354 1882 462 1927 cornu
486 1859 614 1928 altaris.

461 1965 567 2048 Deus
593 2003 690 2047 meus
715 2001 752 2047 es
777 1991 829 2046 tu:
862 1991 895 2045 et
921 1977 1112 2045 confitebor
1142 1976 1218 2044 tibi:
1250 1977 1337 2044 deus
1369 1999 1467 2044 meus
1492 1999 1535 2044 es

353 2105 406 2160 tu:
431 2104 465 2159 et
489 2089 650 2157 exaltabo
675 2100 718 2155 te.

461 2198 669 2277 Confitebor
701 2203 761 2270 tibi
793 2203 956 2290 quoniam
988 2201 1158 2269 exaudisti
1187 2224 1257 2268 me:
1293 2213 1326 2268 et
1350 2200 1462 2268 factus
1492 2223 1534 2267 es

354 2323 456 2391 michi
480 2323 512 2390 in
538 2323 695 2390 salutem.

461 2430 686 2509 Confitemini
710 2436 851 2504 domino
876 2435 1037 2524 quoniam
1063 2436 1191 2502 bonus:
1224 2433 1387 2522 quoniam
1417 2432 1449 2499 in
1480 2455 1535 2500 se-

355 2556 469 2622 culum
495 2553 734 2622 misericordia
759 2553 841 2619 eius.

824 2695 1048 2783 Antiphatae.

459 2822 606 2912 Aperite
631 2822 677 2889 illi
701 2833 823 2910 portas
847 2819 991 2887 iusticie.

459 2931 643 3016 ingressus
667 2928 700 2995 in
725 2951 794 2996 eas.

461 3034 665 3104 confiteatur
690 3036 842 3104 domino,

459 3143 524 3211 hec
547 3156 650 3232 porta
671 3143 810 3210 domini.

460 3251 540 3318 iusti
564 3251 740 3318 intrabunt
765 3250 798 3318 in
823 3273 910 3320 eam.

875 3374 1005 3442 Oralzb.

459 3499 524 3566 Die
549 3500 803 3568 recordationis
828 3500 952 3568 affectu
974 3502 1101 3568 lratres
1122 3500 1294 3568 karissimi
1320 3522 1530 3567 commemo-

351 3607 520 3675 rationem
546 3607 691 3675 facimus
717 3607 787 3676 cari
813 3608 924 3676 nostri
945 3608 987 3676 N.
1012 3631 1117 3696 quem
1142 3607 1303 3674 dominus
1323 3608 1366 3674 de
1387 3620 1530 3696 tempta·

351 3714 503 3782 tionibus
521 3715 622 3783 huius
635 3716 743 3783 seculi
762 3715 960 3804 assumpsit.
995 3715 1235 3783 Obsecrantes
1252 3713 1528 3782 misericordiam

350 3822 405 3890 dei
430 3821 550 3890 nostri.
571 3835 610 3889 vt
629 3823 705 3912 ipse
731 3823 761 3891 ei
781 3825 934 3892 tribuere
953 3825 1117 3911 dignetur
1135 3823 1306 3910 placidam
1325 3834 1358 3889 et
1376 3822 1528 3912 quietam

351 3930 576 3998 mansionem.
602 3943 636 3998 et
660 3932 811 4000 remittat
835 3955 957 4000 omnes
977 3930 1109 3998 lubrice
1133 3929 1338 3997 temeritatis
1363 3929 1528 3999 offensas

353 4036 462 4104 eciam
489 4059 656 4106 concessa
682 4039 746 4107 sibi
771 4041 872 4107 venia
904 4041 1005 4128 plene
1033 4036 1270 4122 indulgencie:
1302 4036 1469 4125 quidquid
1494 4037 1528 4105 in

351 4144 417 4211 hoc
442 4144 571 4213 seculo.
597 4147 742 4235 proprio
768 4147 824 4214 vel
844 4147 956 4214 alieno
977 4157 1076 4212 reatu
1101 4143 1252 4232 deliquit.
1278 4156 1386 4211 totum
1413 4144 1530 4212 ineffa-

351 4251 407 4318 bili
432 4251 561 4338 pietate
586 4275 626 4320 ae
651 4255 864 4342 benignitate
889 4277 953 4322 sua
978 4253 1091 4320 deleat
1115 4263 1149 4317 et
1174 4253 1365 4336 abstergat.
1413 4249 1451 4319 P.

457 4358 545 4440 Ant.
593 4369 815 4458 Ingrediatur
840 4371 872 4437 in
898 4370 1022 4437 locum.

460 4484 525 4550 Hic
544 4491 639 4574 potul
663 4491 696 4578 in
720 4489 882 4576 sepulcro
