3570 5402
917 451 957 496 12

363 605 480 673 Ponat
501 607 625 674 stolam
648 616 754 694 supra
773 617 919 696 puerum
942 608 1082 698 legendo
1106 610 1290 677 secundum
1315 608 1492 689 Lucom.¹)

453 732 496 809 In
516 740 574 808 illo
599 736 758 829 tempore
782 740 888 808 oblati
913 753 992 808 sunt
1017 741 1114 809 ihesu
1138 742 1274 831 paruuli
1298 754 1336 810 ut
1360 752 1521 829 tangeret

347 880 419 924 eos,
445 870 478 924 et
512 879 634 925 manus
666 857 860 945 imponeret
891 869 925 925 et
955 870 1082 926 oraret.
1131 857 1298 947 Discipuli
1329 871 1444 926 autem
1477 859 1521 926 in-

347 965 534 1054 crepabant
558 963 646 1032 illos.
693 965 814 1032 lhesus
844 987 931 1032 vero
961 964 1007 1032 ait
1036 965 1097 1033 eis.
1145 963 1256 1033 Sinite
1284 967 1462 1055 paruulos.
1487 978 1521 1033 et

346 1071 451 1139 nolite
475 1071 664 1160 prohibere
693 1095 755 1139 eos
780 1071 900 1140 venire
931 1073 975 1139 ad
1006 1095 1062 1140 me
1086 1073 1199 1140 Amen
1223 1073 1301 1140 dico
1326 1072 1443 1140 vobis:
1475 1084 1521 1140 ta·

346 1178 427 1246 lium
451 1178 543 1246 enim
573 1192 626 1247 est
650 1201 798 1265 regnum
831 1179 997 1247 celorum.
1035 1179 1088 1247 lit
1118 1202 1196 1247 cum
1221 1179 1446 1268 imposuisset
1470 1180 1521 1248 eis

347 1309 484 1353 manum
509 1286 591 1375 abijt
616 1286 703 1354 inde.
751 1288 809 1353 Pr.
834 1295 884 1354 nr'.

453 1393 574 1472 Credo
599 1402 630 1469 in
656 1402 771 1471 deum.

408 1589 540 1657 Danda
563 1591 762 1679 imponendo
785 1581 924 1658 ananum
948 1601 1054 1680 supro
1078 1600 1178 1680 capnt
1200 1592 1344 1675 rafantis
1367 1593 1460 1659 dicat

775 1708 878 1786 super
900 1706 1090 1786 utrumque.

454 1823 534 1901 Nec
569 1844 603 1899 te
636 1832 740 1900 lateat
774 1832 938 1900 sathanas
969 1831 1147 1900 imminere
1178 1832 1239 1900 tibi
1271 1855 1388 1922 penas
1414 1833 1521 1900 immi-

346 1971 430 2016 nere
461 1947 522 2015 tibi
553 1960 736 2016 tormenta.
762 1947 941 2016 imminere
970 1947 1030 2015 tibi
1062 1948 1152 2016 diem
1172 1948 1301 2037 judicij.
1327 1948 1416 2017 diem
1441 1972 1520 2039 sup·

345 2054 436 2144 plicij
469 2055 679 2144 sempiterni.
711 2055 768 2143 qui
800 2067 968 2123 venturus
999 2068 1052 2123 est
1084 2056 1177 2122 velut
1207 2056 1362 2124 clibanus
1394 2056 1521 2124 ardens

346 2163 378 2230 in
404 2186 472 2251 quo
498 2162 557 2230 tibi
583 2175 687 2251 atque
711 2162 884 2230 universis
915 2161 1049 2250 angelis
1078 2163 1146 2230 tuis
1171 2175 1311 2230 eternus
1337 2163 1451 2231 veniet
1475 2163 1521 2230 in·

345 2269 478 2339 teritus.
531 2269 683 2338 Proinde
719 2271 880 2339 damnate
911 2283 1015 2358 atque
1046 2270 1241 2337 damnande
1272 2269 1316 2338 da
1350 2272 1519 2338 honorem

346 2377 412 2445 deo
439 2377 521 2444 viuo
546 2391 580 2445 et
604 2400 701 2446 vero.
749 2377 803 2445 Da
832 2378 1002 2445 honorem
1027 2377 1126 2444 ihesu
1156 2377 1263 2444 cristo
1292 2377 1362 2445 filio
1387 2377 1462 2445 eius
1487 2390 1520 2444 et

345 2484 484 2574 spiritui
516 2497 648 2553 sancto,
700 2485 735 2552 ln
770 2484 867 2552 cuius
898 2484 1037 2552 nomine
1069 2497 1174 2572 atque
1207 2485 1336 2552 virtute
1365 2484 1520 2574 precipio

347 2592 406 2661 tibi
439 2592 635 2680 quicunque
667 2615 705 2660 es
737 2592 879 2680 spiritus
910 2591 1084 2659 immunde
1113 2605 1150 2659 ut
1179 2615 1284 2660 exeas
1316 2605 1350 2659 et
1374 2593 1520 2660 recedas

347 2702 390 2767 ab
415 2701 482 2767 hoc
506 2699 635 2767 famulo
669 2699 724 2766 dei
748 2699 789 2767 N.
826 2722 928 2787 quem
952 2699 1055 2766 hodie
1087 2698 1177 2767 idem
1208 2698 1368 2767 dominus
1402 2711 1522 2766 noster

347 2807 464 2875 ihesus
488 2806 615 2875 cristus
646 2807 689 2875 ad
714 2829 813 2874 suam
837 2806 988 2895 gratiam
1019 2819 1053 2876 et
1077 2806 1352 2875 benedictionem
1377 2806 1521 2874 fontem-

347 2937 413 3001 que
438 2913 655 3002 baptismatis
687 2916 780 2982 dono
811 2927 932 2982 sancto
957 2937 1022 2982 suo
1053 2937 1183 2982 vocare
1207 2914 1370 3002 dignatus
1395 2927 1458 2981 est.
1484 2926 1521 2980 ut

345 3019 405 3088 fiat
430 3021 461 3088 ei
486 3022 650 3110 templum
681 3045 745 3110 per
769 3044 894 3110 aquarn
923 3022 1200 3110 regenerationis
1232 3021 1460 3109 baptismatis
1487 3021 1519 3088 in

347 3127 588 3196 remissionem
630 3129 782 3197 omnium
821 3143 1055 3218 peccatorum.
1113 3129 1147 3196 ln
1188 3128 1326 3195 nomine
1364 3127 1518 3195 eiusdem

347 3235 475 3303 domini
500 3236 610 3304 nostri
635 3236 731 3304 ihesu
756 3236 861 3304 cristi.
887 3236 945 3324 qui
970 3235 1064 3304 viuit.

492 3431 558 3499 Hic
581 3433 656 3500 ltin't
678 3458 752 3508 cum
775 3434 887 3500 salaba
912 3457 1029 3500 aurem
1054 3433 1227 3500 dexteram
1252 3433 1374 3498 dicens

453 3557 574 3635 Effeta
599 3567 694 3654 quod
718 3580 771 3634 est
795 3566 940 3655 aperire.
974 3566 1100 3634 Postea
1125 3567 1174 3633 nd
1190 3591 1292 3633 nares
1316 3567 1349 3634 in
1374 3566 1519 3634 odorem

347 3682 539 3751 suavitatis,
591 3681 723 3750 Donido
750 3685 927 3750 szin'strnm
956 3707 1084 3750 aurern.
1131 3682 1186 3749 Tu
1216 3695 1331 3750 autem
1362 3681 1521 3767 effugare

347 3789 484 3857 diabole
508 3789 797 3878 appropinquabit
822 3789 912 3857 enim
933 3789 1100 3878 judicium
1125 3789 1228 3872 dei.‘·')

456 4023 474 4089 ¹)
494 4021 579 4076 Fehlt
605 4020 644 4075 im
674 4019 777 4076 Ritual.
808 4019 893 4074 Rom.
923 4018 1051 4089 Agenda
1079 4017 1237 4074 Mindens.:
1269 4017 1351 4071 Tunc
1380 4019 1521 4073 sacerdos

346 4109 422 4165 dicat
447 4110 583 4165 dominus
603 4111 670 4166 vob.
692 4109 829 4164 faciendo
855 4124 956 4162 cruces
975 4108 1012 4162 ad
1037 4107 1179 4175 frontem,
1203 4125 1237 4162 os
1256 4116 1285 4162 et
1304 4117 1408 4177 pectus
1427 4108 1518 4176 pueri.

346 4199 382 4253 Et
408 4199 488 4272 legat
512 4199 702 4270 evangelium
727 4209 829 4254 teneus
854 4215 975 4253 manum
1000 4214 1090 4268 super
1113 4215 1248 4268 puerum.
1290 4196 1330 4250 lm
1355 4195 1519 4251 Tausritual

348 4306 404 4342 von
424 4288 538 4344 Skara
557 4289 626 4345 fehlt
645 4290 742 4344 dieser
761 4288 856 4343 Ritus.
894 4288 1050 4357 Quensel
1071 4287 1115 4343 cit.
1136 4305 1164 4359 p.
1187 4289 1244 4341 106.

455 4379 474 4444 ²)
494 4379 576 4435 Nach
601 4379 657 4436 Rit.
685 4378 771 4435 Rom.
799 4379 920 4434 werden
945 4387 1045 4433 zuerst
1070 4378 1117 4433 die
1142 4394 1231 4432 aures
1256 4377 1334 4430 daun
1361 4374 1407 4428 die
1431 4391 1520 4428 nares

347 4467 475 4523 bertthrt.
510 4468 564 4524 Die
579 4469 705 4538 Agenda
719 4468 861 4524 Mindens.
878 4468 928 4522 hat
948 4468 1005 4523 den
1020 4467 1103 4522 Ritus
1123 4467 1176 4522 des
1196 4465 1273 4520 blan.
1292 4462 1424 4518 Roskild.
1459 4463 1520 4518 Das
