3570 5402
670 1445 863 1587 Caput
899 1446 946 1552 I.
962 1445 988 1543 1)
1017 1539 1019 1543 ,

580 1730 875 1810 Exorcismus
905 1729 1031 1808 salis
1048 1729 1074 1828 2)

348 1914 578 2010 Adjutorium
603 1930 761 1986 nostrum
786 1917 819 1984 in
844 1916 983 1984 nomine
1007 1917 1147 1986 domini.

251 2064 254 2070 ·
348 2036 419 2123 Qui
443 2036 522 2104 fecit
547 2036 657 2102 celum
682 2046 715 2103 et
740 2046 880 2102 terram.

349 2145 410 2224 Sit
434 2174 558 2220 nomen
582 2149 711 2219 domini
736 2149 968 2223 benedictum

348 2269 401 2337 Ex
425 2270 491 2336 hoc
516 2290 605 2335 nunc
631 2279 665 2334 et
689 2288 800 2354 usque
825 2264 858 2333 in
883 2266 1049 2334 seculum.

347 2396 527 2475 Exorciso
570 2414 604 2470 te
646 2413 807 2469 creatura
845 2400 938 2470 salis,
976 2423 1039 2489 per
1064 2400 1119 2485 †³)
1144 2401 1247 2468 deum
1286 2399 1417 2468 vivum.

241 2521 448 2610 per†deum
473 2541 606 2586 verum.
631 2518 841 2607 perideum
870 2529 1039 2586 sanctum.
1063 2541 1127 2605 per
1158 2517 1261 2584 deum
1293 2515 1351 2605 qui
1384 2528 1420 2584 te

242 2651 305 2717 per
328 2627 511 2715 helyseum
536 2627 746 2715 prophetam
770 2624 803 2692 in
827 2647 952 2713 aquam
978 2624 1065 2692 mitti
1081 2624 1194 2713 jussit.
1219 2636 1257 2691 ut
1281 2645 1419 2691 sanare-

243 2746 299 2801 tur
322 2733 487 2801 sterilitas
516 2755 616 2821 aque.
651 2746 688 2799 ut
718 2731 881 2800 efficiaris
917 2732 968 2800 sal
1000 2730 1237 2800 exorcizatum
1268 2729 1302 2797 in
1331 2729 1419 2798 salu·

243 2853 311 2909 tem
348 2839 561 2908 credentium
597 2851 631 2907 et
671 2839 720 2907 sis
761 2839 922 2907 omnibus
962 2850 996 2906 te
1036 2838 1252 2907 sumentibus
1287 2836 1420 2905 sanitas

243 2947 347 3015 animi
375 2959 409 3015 et
439 2947 610 3034 corporis,
636 2958 670 3013 et
701 2945 846 3034 effugiat
877 2957 981 3034 atque
1012 2946 1167 3014 discedat
1196 2947 1239 3014 ab
1272 2968 1315 3013 eo
1339 2946 1418 3012 loco

244 3077 314 3144 quo
344 3077 528 3143 aspersum
559 3052 665 3121 fueris
694 3052 807 3121 omnis
835 3052 982 3121 fantasia
1011 3065 1044 3120 et
1073 3053 1231 3142 nequicia
1259 3054 1316 3120 vel
1344 3076 1420 3121 ver·

244 3159 334 3228 sutia
357 3159 528 3229 diabolice
559 3160 691 3229 fraudis
723 3160 907 3249 omnisque
930 3159 1073 3249 spiritus
1105 3161 1303 3230 immundus
1326 3159 1419 3249 adju·

244 3280 352 3336 ratus.
376 3291 440 3356 per
464 3291 542 3336 eum
568 3265 626 3357 qui
646 3281 814 3336 venturus
834 3279 886 3336 est
902 3267 1060 3357 judicare
1079 3267 1180 3336 uiuos
1200 3279 1234 3335 et
1260 3281 1420 3336 mortuos

244 3388 278 3443 et
302 3375 457 3443 seculum
481 3398 544 3464 per
569 3375 695 3464 ignem.

245 3575 459 3584 ———

352 3682 371 3748 1)
392 3678 448 3733 Die
466 3677 631 3747 Einteilung
649 3678 677 3731 in
697 3676 833 3747 Capitula
853 3676 978 3747 (‚,Caput
995 3677 1030 3731 I.“
1053 3677 1120 3742 etc.)
1144 3675 1181 3730 ist
1200 3692 1270 3730 vom
1291 3676 1420 3731 Heraus·

245 3772 343 3842 geber.
382 3768 513 3823 Absatze
540 3767 604 3821 sind
630 3767 670 3820 im
691 3765 842 3836 Originale
863 3765 905 3819 0st
923 3765 1001 3820 nicht
1019 3758 1172 3836 gemacht,
1196 3765 1327 3819 sondern
1346 3765 1421 3819 alles

245 3857 468 3914 nacheinander
496 3856 645 3927 gedruckt.
684 3856 747 3910 Der
774 3854 988 3926 Herausgeber
1016 3855 1067 3908 hat
1095 3854 1156 3909 sich
1184 3855 1270 3909 dabei
1299 3871 1337 3908 an
1367 3854 1422 3908 das

246 3947 380 4018 Original
398 3946 477 4002 nicht
495 3946 644 4017 gehalten.
674 3945 730 4000 Die
745 3944 968 4015 Interpunktion
984 3943 1226 3999 u'ndSchreibart
1245 3944 1298 3998 der
1312 3944 1421 3999 Worte

245 4036 282 4091 ist
300 4037 493 4092 beibehalten.

353 4127 372 4194 ¹³)
393 4127 455 4181 Das
473 4126 608 4197 folgende
624 4125 779 4179 Formidar
798 4123 889 4179 findet
908 4122 971 4178 sich
991 4123 1043 4177 mit
1062 4122 1347 4178 verschwindenden
1363 4123 1423 4177 Ab·

246 4215 440 4286 weichungen
459 4215 497 4269 im
518 4213 635 4269 Rituale
654 4213 741 4270 Rom.
780 4213 883 4268 Pustet
904 4213 970 4283 1891
991 4230 1018 4283 p.
1038 4229 1104 4282 252:
1134 4211 1232 4280 „Ordo
1255 4212 1295 4265 ad
1314 4211 1423 4266 facien·

247 4306 315 4359 dam
354 4322 464 4376 aquam
502 4303 721 4371 benedictam“,
757 4304 866 4357 ebenso
900 4302 1027 4373 Agenda
1063 4299 1223 4355 Mindensis
1259 4301 1295 4367 (a.
1331 4301 1421 4371 1522.)

245 4394 293 4450 fol.
315 4393 347 4449 ΙΙ.
367 4411 411 4465 sq.

354 4484 373 4551 8)
395 4484 450 4538 Die
469 4486 487 4552 ·ῐ·
507 4486 525 4553 †
544 4483 607 4538 sind
628 4482 667 4536 im
688 4480 845 4552 Originale
864 4490 938 4536 stets
957 4490 1003 4536 rot
1023 4480 1176 4550 gedruckt.
