3534 5392
890 461 935 528 68

579 673 647 740 Ista
671 677 881 741 continentur
904 677 938 741 in
962 674 1022 741 hoc
1045 675 1212 762 opusculo
1229 679 1249 755 ¹)

327 797 593 866 Benedictiones
618 798 700 866 salis
725 811 759 865 et
784 821 873 886 aque
898 799 1092 884 generales.

327 904 454 972 Modus
479 905 676 993 baptizandi
701 928 842 993 pueros.
904 965 908 976 .

327 1012 593 1080 Benedictiones
617 1012 738 1101 sponsi
763 1025 797 1079 et
821 1035 961 1100 sponse.

327 1119 491 1187 Visitatio
517 1119 744 1188 infirmorum.

329 1225 597 1295 Commendatio
621 1227 822 1295 animarum.

329 1333 455 1401 Modus
479 1334 667 1422 sepeliendi
693 1325 885 1402 defunctos,

330 1441 456 1509 Modus
481 1441 668 1529 sepeliendi
694 1464 833 1530 pueros

330 1548 595 1616 Benedictiones
620 1548 900 1637 peregrinorum.

330 1654 595 1724 Benedictiones
620 1655 829 1724 cibariorum
856 1656 888 1723 in
914 1655 1033 1743 vigilia
1058 1679 1170 1744 pasce.

330 1762 531 1844 Benedictio
556 1763 646 1850 ignis
671 1763 704 1831 in
728 1765 875 1832 sabbato
900 1776 1031 1832 sancto

331 1869 532 1938 Benedictio
558 1893 647 1959 aque
671 1871 780 1939 sancti
805 1871 958 1959 anthonij
983 1870 1081 1939 blasii
1106 1871 1162 1939 vel
1186 1869 1328 1938 altarius
1352 1869 1473 1937 sancti.

332 1975 533 2045 Benedictio
559 1977 628 2045 vini
653 2001 720 2066 que
744 1979 833 2046 solet
857 1979 931 2046 fieri
956 1978 989 2046 in
1014 1977 1070 2046 die
1090 1977 1198 2046 sancti
1218 1975 1387 2062 Johannis
1413 1976 1505 2043 vide·

439 2084 518 2152 licet
542 2086 643 2153 tertia
668 2085 723 2154 die
747 2085 936 2153 nativitatis
960 2085 1100 2154 domini.

333 2191 598 2261 Benedictiones
622 2193 810 2260 herbarum
835 2192 867 2259 in
893 2191 948 2260 die
972 2191 1229 2280 assumptionis.

446 2353 652 2442 Opusculum
676 2354 746 2420 hoc.
793 2354 880 2420 Arte
904 2362 935 2420 et

442 2464 599 2549 zinpensz's
623 2463 755 2528 dommi
774 2461 883 2528 Pauli
903 2458 968 2548 roff

447 2567 609 2635 Canonz'cz‘
628 2566 817 2657 hoffnensis
839 2565 967 2656 haffm'e

442 2677 643 2763 impressum
663 2677 742 2760 finit
754 2676 911 2762 feliciter.

443 2783 625 2850 Millesz'mo
649 2785 923 2872 quingentesimo.

443 2888 683 2956 Deczinotercio
706 2891 828 2956 salutes
852 2913 941 2957 anno

451 2995 615 3063 Vicesima
640 2999 757 3084 quinta
781 2997 834 3063 die
858 3000 988 3086 marczj.

446 3102 483 3168 ln
507 3104 692 3170 resz'dencz'a
717 3106 788 3170 ems
805 3106 958 3192 proprio.

450 3209 516 3276 Ubi
535 3213 568 3277 ei
587 3211 703 3278 venale
726 3211 876 3278 habetur.

448 3443 466 3508 Ἰ
487 3441 549 3496 Der
567 3439 658 3495 Inhalt
677 3439 714 3494 ist
733 3439 806 3494 aber
825 3438 903 3492 nicht
923 3437 1100 3507 vollstandig
1117 3436 1299 3507 angegeben.
