3534 5392
949 408 994 474 66

385 596 560 672 operatur.
607 584 650 651 Et
674 584 790 652 omnia
814 597 985 652 venenata
1009 597 1043 652 et
1062 585 1176 653 adhuc
1199 585 1302 653 fortia
1326 585 1559 672 repetentium

384 690 579 758 animalium
605 691 709 759 noxia
733 704 919 759 terrentur.
966 691 1009 759 Et
1038 693 1188 759 aduerse
1217 715 1339 760 omnes
1362 692 1469 759 saluti
1499 694 1561 759 hu·

386 820 485 864 mane
518 798 654 866 radices
687 811 860 866 arescunt.
907 799 961 866 Te
995 799 1133 866 domine
1161 798 1364 888 suppliciter
1393 800 1560 887 depreea-

386 927 473 972 mur.
497 917 535 972 vt
558 906 804 988 beneldicere
828 919 862 973 et
886 905 1146 987 sancti†fieare
1169 906 1326 993 digneris
1351 906 1439 973 hanc
1464 928 1560 974 crea-

385 1025 499 1080 turam
523 1013 602 1080 vini.
645 1013 692 1080 Ut
716 1013 912 1101 quicunque
936 1035 979 1079 ex
1004 1035 1046 1080 eo
1066 1012 1216 1080 biberint
1240 1012 1296 1080 vel
1321 1013 1561 1100 gustauerint:

385 1143 447 1207 per
481 1119 764 1188 intercessionem
798 1120 853 1187 dei
884 1119 1062 1207 genitricis
1087 1119 1196 1186 Marie
1229 1133 1262 1186 et
1293 1119 1406 1187 dilecti
1430 1119 1477 1186 tui
1503 1119 1563 1206 Jo-

385 1226 507 1294 hannis
531 1227 746 1313 euangeliste
766 1250 806 1294 ac
823 1226 974 1294 omnium
996 1238 1197 1294 sanctorum
1218 1227 1324 1294 vitam
1346 1249 1561 1314 consequan-

385 1346 441 1401 tur
465 1347 620 1401 eternam
650 1346 684 1401 et
713 1334 879 1420 extingue
908 1335 951 1400 ab
981 1333 1141 1401 omnibus
1171 1334 1397 1403 sumentibus.
1423 1333 1562 1422 siquid

385 1441 518 1509 veneni.
550 1441 579 1509 si
610 1439 692 1528 quid
723 1441 922 1509 mortiferae
948 1439 1161 1530 operationis
1190 1441 1223 1509 in
1253 1441 1303 1509 eis
1324 1441 1436 1508 fuerit.
1462 1441 1562 1528 ipsos

385 1549 572 1615 clementer
596 1547 822 1616 defendendo,
862 1548 930 1616 Per
955 1549 1101 1615 eundem
1127 1549 1269 1617 eristum
1296 1547 1473 1616 dominum
1499 1571 1564 1616 no·

385 1669 506 1723 strum.

491 1762 662 1830 Dominus
686 1763 879 1832 vobiscum.
925 1762 968 1830 Et
992 1786 1080 1831 cum.

892 1941 1048 2009 Oramus

492 2067 603 2144 DEus
639 2075 696 2163 qui
730 2099 773 2143 ex
807 2075 957 2163 quinque
990 2075 1137 2163 panibus
1171 2087 1204 2142 et
1235 2075 1373 2144 duobus
1402 2075 1560 2164 piscibus

386 2191 536 2280 quinque
561 2191 652 2260 milia
675 2192 852 2260 hominum
877 2191 1027 2259 saciasti.
1051 2226 1054 2232 v
1074 2190 1143 2276 Qui
1168 2214 1206 2258 es
1230 2191 1310 2260 vitis
1335 2215 1428 2259 vera.
1475 2191 1559 2258 Mul-

385 2298 500 2388 tiplica
534 2322 639 2386 super
670 2322 735 2367 nos
764 2298 1039 2366 misericordiam
1070 2310 1129 2365 tue
1159 2298 1309 2387 pietatis.
1335 2299 1559 2386 quemadmo-

385 2409 466 2474 dum
491 2405 602 2474 fecisti
626 2429 705 2473 cum
731 2407 886 2495 patribus
911 2405 944 2473 in
969 2418 1028 2473 tua
1060 2405 1298 2473 misericordia
1323 2406 1559 2494 sperantibus,

384 2513 636 2598 beneldicere
670 2526 705 2581 et
740 2513 1007 2595 sanctifi†care
1043 2512 1190 2599 dignare
1229 2514 1318 2580 hanc
1359 2525 1558 2581 creaturam

385 2621 464 2688 vini.
491 2643 595 2708 quam
619 2622 662 2687 ad
694 2619 986 2688 sustentacionem
1017 2642 1201 2687 seruorum
1233 2633 1372 2688 tuorum
1398 2620 1559 2690 tribuisti.

386 2727 432 2795 Vt
456 2727 651 2816 quicunque
682 2751 725 2795 ex
755 2727 820 2795 hac
852 2738 1013 2794 creatura
1043 2727 1098 2794 vsi
1123 2726 1248 2794 luerint
1278 2726 1334 2794 vel
1358 2727 1476 2816 potati.
1501 2730 1558 2796 be·

385 2834 589 2903 nedictionis
614 2834 729 2903 diuine
752 2833 872 2923 gracia
901 2834 1109 2922 repleantur.
1135 2845 1169 2901 et
1193 2833 1364 2922 epulentia
1389 2835 1447 2922 qui
1471 2835 1559 2902 acci-

385 2941 482 3031 piunt
507 2965 585 3009 cum
610 2941 804 3027 gratiarum
834 2941 981 3009 actione.
1006 2939 1265 3008 sanctificentur
1296 2941 1330 3008 in
1362 2931 1558 3010 visceribus

385 3071 506 3116 eorum
531 3048 600 3134 Qui
624 3048 713 3116 viuis
738 3062 771 3116 et
795 3071 925 3135 regnas
950 3048 1046 3116 deus.
1071 3057 1103 3115 et
1124 3073 1149 3114 c.

491 3155 663 3223 Dominus
687 3155 879 3223 vobiscum.
926 3155 970 3223 Et
994 3177 1071 3222 cum
1096 3154 1219 3242 spiritu
1243 3167 1313 3222 tuo.

492 3262 626 3330 Initium
652 3261 761 3330 sancti
786 3261 957 3350 euangelij
983 3260 1182 3330 Secundum
1208 3260 1412 3347 Johannem.

493 3369 615 3438 Gloria
639 3369 699 3438 tibi
723 3369 872 3437 domine.

492 3478 534 3554 In
570 3485 737 3575 principio
773 3498 848 3553 erat
887 3487 1047 3555 verbum:
1089 3497 1123 3552 et
1164 3486 1310 3552 verbum
1351 3497 1425 3554 erat
1465 3486 1559 3574 apud

386 3603 503 3669 deum:
529 3615 562 3668 et
586 3603 671 3669 deus
696 3614 771 3670 erat
796 3603 942 3669 verbum
966 3611 1022 3669 etc.

491 3708 748 3800 Benedicti†o
783 3717 838 3784 dei
869 3718 987 3806 patris.
1023 3730 1057 3786 et
1092 3717 1160 3786 filii.
1194 3731 1230 3785 et
1261 3717 1405 3805 spiritus
1439 3717 1558 3785 sancti.

386 3834 573 3902 descendat
597 3855 702 3922 super
726 3833 909 3901 vniuersos
933 3834 1021 3901 hanc
1053 3845 1249 3901 creaturam
1274 3832 1344 3901 vini
1367 3846 1558 3902 sumentes.

386 3963 475 4008 nunc
499 3954 533 4009 et
557 3941 590 4008 in
615 3940 731 4009 secula
755 3941 953 4008 seculorum
976 3940 1121 4008 AMEN.
