3534 5392
943 449 987 516 32

483 607 572 683 Ant.
621 613 756 682 Cadent
787 638 807 682 a
837 616 946 682 latere
977 628 1037 682 tuo
1070 615 1168 684 mille.
1194 629 1228 683 et
1257 616 1377 683 decem
1411 617 1501 684 milia
1531 639 1551 684 a

378 731 511 800 dextris
535 731 603 800 tuis
628 732 687 799 tibi
712 743 826 800 autem
851 756 919 799 non
944 733 1236 821 appropinquabit
1261 735 1398 800 malum.

904 939 1035 1008 Oratae.

487 1083 644 1162 Oremus
668 1091 845 1158 dominum
881 1103 1038 1159 nostrum
1071 1092 1204 1160 ihesum
1237 1093 1389 1160 eristum.
1415 1104 1552 1158 etcum

379 1207 472 1274 omni
503 1207 754 1296 supplicatione
786 1231 954 1295 rogemus
978 1206 1025 1294 [ut
1059 1209 1148 1276 hunc
1182 1208 1346 1276 famulum
1381 1230 1481 1275 suum
1509 1205 1551 1275 N.

379 1337 441 1402 per
473 1327 627 1382 sanctum
663 1316 826 1401 angelum
860 1338 960 1383 suum
995 1316 1138 1384 visitare
1172 1329 1205 1384 et
1240 1315 1414 1384 consolari
1449 1327 1552 1402 atque

379 1421 577 1489 confortare
601 1422 775 1509 dignetur.
799 1422 837 1491 P.

485 1532 574 1608 Ant.
622 1538 841 1628 Propicietur
873 1539 1033 1608 dominus
1063 1541 1196 1609 cunctis
1227 1540 1460 1628 iniquitatibus
1484 1540 1553 1608 tuis

379 1668 413 1722 et
437 1668 536 1723 sanet
565 1679 686 1724 omnes
720 1656 936 1742 egritudines
970 1669 1047 1724 tuas
1081 1670 1115 1724 et
1149 1670 1407 1725 renouetur'ut
1439 1657 1552 1745 aquila

375 1762 541 1851 juventus
566 1775 635 1831 tua.

903 1953 1032 2020 Oratro.

487 2077 710 2176 Propicietur
749 2086 909 2154 dominus
951 2086 1083 2154 cunctis
1124 2085 1358 2174 iniquitatibus
1397 2086 1480 2154 tuis:
1521 2099 1554 2155 et

379 2216 477 2270 sanet
513 2225 636 2271 omnes
672 2204 862 2290 languores
894 2216 984 2272 tuos,
1017 2202 1233 2291 redimatque
1265 2203 1307 2270 de
1339 2202 1478 2270 interitu
1508 2202 1554 2271 vi-

379 2308 448 2377 ta'm
475 2323 576 2378 tuam.
602 2323 636 2378 et
661 2311 817 2398 perficiat
842 2311 874 2378 in
900 2311 1060 2378 omnibus
1085 2311 1184 2378 bonis
1209 2310 1418 2379 desiderium
1445 2323 1553 2380 tuum.

379 2417 436 2505 qui
462 2418 558 2486 solus
583 2417 616 2484 in
642 2418 801 2487 trinitate.
835 2442 923 2486 unus
954 2418 1040 2485 deus
1071 2417 1157 2485 viuit
1187 2430 1220 2485 et
1252 2431 1377 2505 regnat
1409 2441 1471 2506 per
1496 2417 1555 2485 im-

380 2524 538 2592 mortalia
563 2526 655 2593 secla
679 2527 853 2594 seclorum
878 2527 1002 2593 Amen.

380 2731 506 2800 Postea
530 2734 705 2818 confitetur
732 2734 889 2804 infirmus
917 2741 949 2799 et
976 2731 1119 2800 absolvit
1146 2756 1220 2799 eam
1248 2733 1409 2800 sacerdos
1432 2733 1554 2800 diceas.

486 2895 723 2974 Absolvimus
748 2916 782 2970 te
802 2903 878 2971 vice
898 2903 988 2971 beati
1010 2903 1097 2990 petri
1123 2904 1364 2991 apostolorum
1389 2903 1555 2992 principis

381 3019 434 3087 cui
469 3019 629 3087 dominus
663 3033 871 3108 potestatem
906 3019 1036 3107 ligandi
1071 3032 1174 3108 atque
1207 3019 1364 3087 soluendi
1397 3019 1490 3086 dedit
1522 3031 1556 3086 et

381 3139 546 3215 quantum
571 3128 615 3195 ad
640 3139 675 3195 te
698 3127 848 3216 pertinet
877 3127 1064 3195 accusatio,
1089 3139 1122 3194 et
1152 3128 1195 3194 ad
1225 3149 1290 3194 nos
1315 3127 1486 3195 remissio,
1511 3125 1555 3194 sit

381 3233 441 3302 tibi
461 3235 548 3303 deus
568 3234 799 3322 omnipotens.
825 3233 899 3302 vita
919 3246 953 3300 et
973 3234 1078 3302 salus.
1104 3246 1138 3301 et
1158 3233 1311 3302 omnium
1331 3247 1555 3324 peccatorum

381 3353 520 3410 tuorum
546 3341 708 3410 indultor.
756 3341 799 3409 Et
823 3341 881 3429 qui
905 3340 964 3409 tibi
985 3341 1079 3408 dedit
1100 3342 1403 3430 compunctionem
1428 3339 1555 3409 cordis

381 3450 439 3517 det
473 3447 533 3517 tibi
567 3462 601 3517 et
635 3449 771 3516 veniam
805 3461 1042 3536 peccatorum.
1067 3448 1325 3537 longeuamque
1358 3449 1417 3516 tibi
1451 3461 1556 3536 atque

381 3555 514 3624 felicem
550 3555 656 3624 vitam
690 3555 722 3624 in
757 3557 822 3623 hoc
856 3555 974 3624 seculo
1008 3555 1189 3643 largiatur.
1220 3568 1253 3624 et
1277 3555 1309 3624 in
1334 3555 1451 3624 tuturo
1477 3578 1554 3623 cum

382 3662 488 3732 cristo
509 3677 542 3731 et
562 3663 723 3731 omnibus
743 3662 871 3731 sanctis
890 3662 964 3731 eius
984 3663 1059 3732 sine
1078 3663 1146 3731 fine
1160 3677 1365 3732 manentem.
1400 3663 1437 3732 P.
1463 3663 1556 3731 dom.

629 3869 820 3960 Postquam
843 3879 1037 3960 sumpserat
1057 3879 1178 3960 corpus
1201 3872 1303 3938 cristi.

906 4013 1038 4082 Oratio.

489 4137 643 4217 Domine
676 4161 793 4217 sancte
826 4160 926 4238 pater
965 4148 1185 4236 omnipotens
1223 4149 1310 4216 deus
1343 4161 1377 4215 te
1411 4146 1557 4214 fideliter

382 4264 612 4352 deprecamur
637 4277 673 4334 vt
704 4265 884 4354 accipienti
913 4265 992 4334 huic
1016 4265 1114 4334 tratri
1145 4278 1267 4335 nostro
1291 4277 1555 4334 sacrosanctum

382 4394 513 4461 corpus
546 4385 580 4442 et
614 4373 819 4462 sanguinem
855 4374 953 4443 ihesu
977 4373 1082 4444 cristi.
1106 4373 1165 4462 filij
1197 4372 1245 4442 tui
1276 4369 1406 4440 domini
1436 4370 1556 4440 nostri.

383 4493 452 4550 tam
478 4481 639 4574 corporis
663 4505 767 4571 quam
792 4481 905 4552 anime
929 4481 973 4550 sit
998 4483 1101 4552 salus
1150 4480 1185 4550 P.
1211 4481 1302 4550 dom.
