3534 5392
946 463 991 550 48

382 643 513 710 electos
534 664 618 710 suos
643 665 721 710 eum
748 642 781 708 in
805 653 905 729 parte
925 641 1069 708 dextera
1091 640 1330 707 collocandum
1355 638 1559 708 resuscitari

381 750 493 818 faciat.
540 749 578 818 P.
604 753 635 818 d.

905 925 1032 993 Oratio.

489 1052 591 1129 Deus
616 1061 672 1150 qui
701 1061 799 1128 iustis
831 1061 1140 1149 supplicationibus
1171 1082 1310 1148 semper
1339 1071 1481 1148 praesto
1505 1080 1557 1126 es

382 1177 440 1264 qui
463 1177 520 1266 pia
544 1190 627 1245 vota
652 1176 808 1264 digneris
828 1177 962 1245 intueri.
988 1177 1046 1264 qui
1065 1177 1308 1244 universorum
1334 1198 1373 1243 es
1397 1175 1557 1243 conditor

381 1296 415 1351 et
438 1285 650 1373 redemptor.
681 1283 920 1353 misericordia
954 1297 1189 1373 peccatorum.
1224 1296 1257 1352 et
1287 1295 1428 1350 tuorum
1451 1281 1557 1350 beati·

380 1391 464 1458 tudo
487 1404 698 1459 sanctorum.
731 1392 774 1459 da
806 1391 935 1459 famulo
959 1404 1019 1458 tuo
1044 1391 1085 1458 N.
1117 1391 1214 1458 cuius
1244 1388 1473 1478 depositionis
1496 1389 1557 1456 ho·

381 1498 436 1566 die
460 1497 611 1566 officium
634 1498 857 1566 humanitatis
877 1498 1092 1566 exhibemus.
1118 1520 1197 1564 cum
1222 1497 1352 1565 sanctis
1376 1509 1411 1563 et
1434 1495 1556 1563 electis

380 1603 448 1672 tuis
473 1605 564 1672 beati
589 1605 740 1673 muneris
765 1605 972 1694 portionem.
998 1627 1145 1694 eumque
1163 1629 1182 1672 a
1203 1605 1385 1693 corporeis
1409 1603 1556 1672 nexibus

380 1712 587 1779 absolutum.
615 1711 648 1778 in
675 1712 931 1779 resurrectione
958 1713 1148 1780 electorum
1170 1725 1309 1779 tuorum
1330 1711 1437 1778 facias
1457 1733 1555 1799 prae-

381 1831 517 1886 sentarr.

907 1999 1034 2065 Oratio.

487 2121 584 2188 Deus
608 2121 679 2189 vite
709 2123 810 2189 dator
839 2135 873 2189 et
897 2122 1126 2190 humanorum
1157 2144 1345 2210 corporum
1370 2135 1556 2211 reparator

381 2227 438 2315 qui
462 2240 496 2296 te
520 2251 539 2295 a
560 2229 803 2317 peccatoribus
826 2229 966 2297 exorari
996 2228 1136 2296 voluisti
1167 2228 1293 2296 exaudi
1322 2251 1447 2317 preces
1476 2251 1555 2316 que·

380 2356 509 2402 sumus.
535 2358 622 2423 quas
654 2336 796 2424 speciali
827 2337 1014 2404 devotione
1046 2359 1112 2424 pro
1144 2335 1257 2404 anima
1288 2335 1405 2403 famuli
1437 2335 1486 2402 tui
1509 2335 1551 2403 N.

380 2441 440 2509 tibi
459 2442 713 2512 lacrimabiliter
733 2443 922 2511 fundimus:
947 2456 985 2511 vt
1009 2444 1158 2511 liberare
1178 2465 1255 2511 eam
1275 2445 1318 2509 ab
1338 2442 1553 2510 infernorum

380 2548 599 2617 cruciatibus.
625 2562 659 2617 et
692 2550 865 2618 collocare
896 2551 984 2618 inter
1015 2549 1155 2636 agmina
1186 2562 1388 2618 sanctorum
1412 2562 1552 2618 tuorum

380 2655 546 2743 digneris,
593 2656 702 2725 Veste
727 2680 865 2745 quoque
890 2657 1008 2725 celesti
1038 2670 1071 2725 et
1103 2657 1193 2725 stola
1216 2655 1484 2724 immortalitatis
1508 2655 1556 2724 in·

380 2762 448 2830 dui.
473 2777 507 2831 et
531 2764 683 2852 paradisi
708 2765 891 2832 amenitate
915 2765 1095 2832 confoueri
1119 2764 1249 2832 iubeas,
1296 2763 1333 2831 P.
1360 2764 1452 2831 dom.

907 2979 1032 3046 Orutzb.

487 3103 582 3172 Deus
607 3104 665 3192 qui
697 3104 925 3172 humanarum
952 3104 1142 3171 animarum
1177 3116 1317 3171 eternus
1342 3116 1478 3171 amator
1503 3126 1553 3171 es

379 3211 528 3278 animam
553 3212 670 3279 famuli
695 3211 744 3278 tui
768 3212 809 3279 N.
835 3235 902 3300 que
933 3234 1054 3279 veram
1079 3213 1160 3278 dum
1193 3212 1225 3278 in
1252 3234 1403 3300 corpore
1427 3211 1555 3279 mansit

379 3317 487 3385 tenuit
520 3317 637 3385 fidem:
670 3319 713 3385 ab
745 3318 838 3386 omni
869 3319 1024 3386 cruciatu
1056 3319 1269 3386 infernorum
1302 3319 1410 3386 redde
1439 3330 1554 3386 extor-

379 3446 468 3492 rem:
502 3437 539 3492 vt
577 3440 771 3513 segregata
804 3428 847 3494 ab
881 3426 1105 3494 infernalibus
1140 3425 1315 3493 claustris:
1349 3437 1553 3493 sanctorum

379 3543 519 3598 tuorum
544 3545 722 3600 mereatur
746 3533 890 3601 adunari
915 3532 1117 3601 consorciis
1165 3531 1243 3600 Per.
1269 3534 1361 3600 dom.

904 3731 1029 3798 Oratrb.

486 3853 710 3922 Temeritatis
735 3854 874 3942 quidem
899 3868 952 3923 est
976 3855 1129 3922 domine:
1162 3867 1199 3922 vt
1228 3855 1334 3921 homo
1365 3853 1551 3921 hominem.

380 3961 535 4029 mortalis
560 3974 744 4029 mortuum.
770 3962 855 4030 cinis
880 3963 1047 4030 cinerem:
1078 3961 1139 4028 tibi
1168 3961 1307 4029 domine
1335 3962 1403 4028 deo
1428 3971 1552 4027 nostro

378 4070 504 4136 audeat
535 4070 790 4137 commendare.
839 4067 910 4139 Sed
942 4069 1022 4158 quia
1046 4081 1141 4136 terra
1173 4069 1318 4157 suscipit
1342 4081 1483 4136 terram.
1518 4080 1552 4134 et

379 4175 492 4262 puluis
517 4176 731 4246 convertitur
755 4177 788 4244 in
812 4177 992 4265 puluerem
1013 4177 1124 4244 donec
1149 4177 1261 4243 omnis
1286 4197 1369 4242 caro
1394 4174 1427 4242 in
1452 4195 1551 4241 suam

378 4283 557 4372 redigatur
589 4284 772 4373 originem.
820 4283 903 4351 Inde
931 4297 1024 4352 tuam
1056 4282 1211 4372 pijssime
1240 4295 1339 4372 pater
1363 4279 1553 4349 lacrimabi-

377 4389 454 4458 liter
487 4415 677 4481 quesumus
711 4392 890 4481 pietatem:
925 4403 962 4458 vt
987 4391 1088 4458 huius
1116 4389 1233 4458 famuli
1261 4389 1310 4458 tui
1333 4390 1375 4458 N.
1402 4387 1552 4456 animam

377 4500 540 4588 quamde
560 4501 662 4569 huius
682 4499 800 4567 mundi
823 4497 994 4584 voragine
1011 4499 1190 4565 cenulenta
1208 4498 1305 4566 ducis
1325 4499 1368 4565 ad
1390 4495 1550 4586 patriam.
