3534 5392
780 496 823 563 49

213 654 345 722 abrahe
370 653 472 720 amici
496 653 545 720 tui
569 653 645 721 sinu
669 653 832 741 recipias:
866 665 901 720 et
932 653 1108 742 refrigerij
1140 676 1222 721 rore
1254 653 1389 743 perfun-

215 763 289 830 das.
314 759 358 829 sit
382 762 425 828 ab
451 760 620 828 estuantis
644 761 804 848 gehenne
829 761 916 828 truci
946 760 1104 828 incendio
1129 773 1330 848 segregata.
1356 772 1389 827 et

213 871 316 937 beate
350 867 490 956 requiei.
524 881 559 935 te
592 869 743 935 donante
778 868 968 935 coniuncta.
1016 867 1059 935 Et
1093 867 1123 935 si
1154 890 1221 955 que
1253 866 1298 934 illi
1321 867 1389 934 sint

213 976 354 1044 domine
384 976 491 1062 digne
515 974 725 1043 cruciatibus
749 976 860 1063 culpe.
906 975 962 1043 Tu
987 997 1047 1042 eas
1071 974 1186 1063 gratia
1211 974 1389 1041 mitissime

214 1083 361 1152 lenitatis
385 1083 538 1168 indulge.
563 1105 626 1150 nec
650 1083 784 1171 peccati
808 1082 952 1171 recipiat
977 1082 1098 1149 vicem.
1124 1080 1188 1148 sed
1212 1081 1388 1169 indulgen·

214 1192 264 1258 cie
288 1203 346 1258 tue
370 1189 463 1279 piam
487 1189 612 1257 sentiat
634 1189 834 1257 bonitatem.
883 1187 1042 1277 Cumque
1061 1188 1157 1256 finito
1183 1189 1299 1256 mundi
1323 1201 1388 1256 ter-

213 1296 319 1364 mino:
356 1318 546 1386 supernum
584 1296 716 1364 cunctis
756 1296 904 1364 illuxerit
939 1317 1088 1384 regnum
1122 1318 1236 1363 novus
1270 1296 1387 1362 hom0.

214 1416 416 1472 sanctorum
451 1404 604 1470 omnium
642 1403 774 1471 cetibus
810 1416 1042 1491 aggregatus,
1078 1425 1156 1470 eum
1190 1404 1318 1470 sanctis
1353 1414 1388 1469 et

211 1510 329 1579 electis
358 1511 425 1578 tuis
457 1522 622 1597 resurgat
646 1509 678 1577 in
703 1523 803 1599 parte
827 1510 971 1578 dextera
999 1511 1231 1578 coronandus.
1278 1508 1357 1577 Per.

738 1688 864 1756 Oratio.

319 1813 481 1881 Debitum
501 1814 640 1880 humani
659 1813 819 1903 corporis
839 1812 1026 1902 sepeliendi
1046 1812 1208 1880 officium.
1234 1812 1386 1880 fidelium

213 1943 313 1988 more
337 1921 561 2010 complentes,
597 1922 697 1988 deum
725 1921 779 1988 cui
808 1922 924 1988 omnia
948 1921 1070 1988 vivunt
1098 1921 1243 1989 fideliter
1268 1923 1387 2010 depre-

213 2050 347 2094 cemur:
379 2040 416 2095 vt
447 2028 514 2095 hoc
547 2051 676 2117 corpus
709 2017 779 2096 cari
804 2028 916 2096 nostri
940 2028 982 2096 N.
1007 2028 1040 2096 in
1065 2028 1262 2096 infirmitate
1286 2050 1306 2094 a
1329 2050 1386 2094 no-

213 2134 265 2202 bis
294 2135 476 2223 sepultum.
502 2135 535 2202 in
565 2135 686 2203 ordine
720 2149 921 2203 sanctorum
956 2158 1101 2203 suorum
1135 2135 1327 2204 resuscitet.
1353 2148 1387 2202 et

212 2241 286 2310 eius
318 2242 477 2330 spiritum
511 2242 640 2310 sanctis
674 2265 714 2310 ac
738 2242 898 2310 fidelibus
929 2243 1125 2330 aggregari
1150 2243 1281 2332 jubeat.
1307 2265 1385 2310 cum

210 2349 335 2438 quibus
376 2348 597 2416 inenarrabili
633 2349 747 2437 gloria
783 2363 817 2418 et
852 2349 1019 2438 perhenni
1055 2349 1219 2417 felicitate
1255 2350 1386 2439 perfrui

210 2470 384 2524 mereatur
409 2455 445 2522 P.
469 2457 562 2524 dom.

413 2636 500 2702 Tunc
524 2646 627 2727 rogat
642 2638 806 2725 populum
830 2662 932 2704 orare
950 2648 1016 2725 pro
1039 2637 1206 2723 defunctu.
1229 2701 1230 2704 ,

317 2797 458 2893 Kyriel.
505 2797 647 2877 Cristel.
694 2798 835 2894 Kyriel.

316 2920 354 2989 P.
380 2945 429 2988 nr.
477 2921 520 2989 Et
544 2945 597 2990 ne.

316 3028 483 3117 Requiem
510 3044 673 3097 eternam.

315 3135 349 3202 A
373 3149 475 3224 porta
501 3135 609 3205 inferi.

316 3240 434 3310 Credo
458 3244 548 3312 vide.

317 3347 550 3436 Requiescant
574 3351 606 3418 in
632 3375 727 3440 pace.

315 3455 464 3523 Domine
489 3458 648 3540 exauldi).

722 3637 873 3705 collecta.

312 3756 452 3825 Partem
478 3761 578 3827 beate
602 3761 869 3829 resurrectionis
892 3776 956 3830 etc.

311 3865 476 3946 Absolve
501 3899 689 3963 quesumus
719 3877 857 3946 domine
881 3879 1029 3946 animam
1056 3880 1173 3946 famuli
1198 3879 1246 3946 tui
1270 3879 1312 3947 N.
1338 3881 1381 3946 ab

205 3990 299 4056 omni
324 3990 460 4058 vinculo
486 3991 701 4062 delictorum.
727 4007 764 4061 vt
793 3994 826 4061 in
851 3995 1119 4063 resurrectionis
1144 3996 1268 4083 gloria.
1293 3996 1381 4063 inter

205 4109 346 4165 sanctos
371 4110 404 4165 et
429 4099 559 4166 electos
585 4113 664 4167 tuos
689 4102 917 4170 resuscitatus
942 4103 1093 4190 respiret
1117 4101 1195 4170 Per.

689 4335 901 4344 ---.
